@ARTICLE{Pontoppidan2003,
       author = {{Pontoppidan}, K.~M. and {Fraser}, H.~J. and {Dartois}, E. and {Thi}, W. -F. and {van Dishoeck}, E.~F. and {Boogert}, A.~C.~A. and {d'Hendecourt}, L. and {Tielens}, A.~G.~G.~M. and {Bisschop}, S.~E.},
        title = "{A 3-5 {\ensuremath{\mu}} m VLT spectroscopic survey of embedded young low mass stars I.   Structure of the CO ice}",
      journal = {\aap},
     keywords = {astrochemistry, stars: circumstellar matter, ISM: dust, extinction, ISM: molecules, infrared: ISM, stars: pre-main sequence, Astrophysics},
         year = 2003,
        month = sep,
       volume = {408},
        pages = {981-1007},
          doi = {10.1051/0004-6361:20031030},
archivePrefix = {arXiv},
       eprint = {astro-ph/0307097},
 primaryClass = {astro-ph},
       adsurl = {https://ui.adsabs.harvard.edu/abs/2003A&A...408..981P},
      adsnote = {Provided by the SAO/NASA Astrophysics Data System}
}

@ARTICLE{Stelter2021,
       author = {{Stelter}, R. Deno and {Eikenberry}, Stephen S.},
        title = "{Extinction at the Galactic Center Using Near- and Mid-infrared Broadband Photometry: A Twist on the Rayleigh-Jeans Color Excess Method}",
      journal = {\apj},
     keywords = {Galactic center, Interstellar extinction, Interstellar reddening, Near infrared astronomy, Infrared excess, Infrared photometry, 565, 841, 853, 1093, 788, 792},
         year = 2021,
        month = apr,
       volume = {911},
       number = {2},
          eid = {139},
        pages = {139},
          doi = {10.3847/1538-4357/abeaad},
       adsurl = {https://ui.adsabs.harvard.edu/abs/2021ApJ...911..139S},
      adsnote = {Provided by the SAO/NASA Astrophysics Data System}
}

@ARTICLE{DenoStelter2020,
       author = {{Deno Stelter}, R. and {Eikenberry}, Stephen S.},
        title = "{Extinction at the Galactic Center Using Near- and Mid-infrared Broadband Photometry: A Twist on the Rayleigh-Jeans Color Excess Method}",
      journal = {arXiv e-prints},
     keywords = {Astrophysics - Astrophysics of Galaxies},
         year = 2020,
        month = apr,
          eid = {arXiv:2004.01338},
        pages = {arXiv:2004.01338},
archivePrefix = {arXiv},
       eprint = {2004.01338},
 primaryClass = {astro-ph.GA},
       adsurl = {https://ui.adsabs.harvard.edu/abs/2020arXiv200401338D},
      adsnote = {Provided by the SAO/NASA Astrophysics Data System}
}

@ARTICLE{Gao2013,
       author = {{Gao}, Jian and {Li}, Aigen and {Jiang}, B.~W.},
        title = "{Modeling the infrared extinction toward the galactic center}",
      journal = {Earth, Planets and Space},
     keywords = {ISM: dust, extinction{\textemdash}infrared: ISM{\textemdash}Galaxy: center, Astrophysics - Astrophysics of Galaxies},
         year = 2013,
        month = oct,
       volume = {65},
       number = {10},
        pages = {1127-1132},
          doi = {10.5047/eps.2013.05.016},
archivePrefix = {arXiv},
       eprint = {1305.7137},
 primaryClass = {astro-ph.GA},
       adsurl = {https://ui.adsabs.harvard.edu/abs/2013EP&S...65.1127G},
      adsnote = {Provided by the SAO/NASA Astrophysics Data System}
}

@ARTICLE{Nishiyama2009,
       author = {{Nishiyama}, Shogo and {Tamura}, Motohide and {Hatano}, Hirofumi and {Kato}, Daisuke and {Tanab{\'e}}, Toshihiko and {Sugitani}, Koji and {Nagata}, Tetsuya},
        title = "{Interstellar Extinction Law Toward the Galactic Center III: J, H, K$_{S}$ Bands in the 2MASS and the MKO Systems, and 3.6, 4.5, 5.8, 8.0 {\ensuremath{\mu}}m in the Spitzer/IRAC System}",
      journal = {\apj},
     keywords = {dust, extinction, Galaxy: center, infrared: ISM, stars: horizontal-branch, Astrophysics - Galaxy Astrophysics},
         year = 2009,
        month = may,
       volume = {696},
       number = {2},
        pages = {1407-1417},
          doi = {10.1088/0004-637X/696/2/1407},
archivePrefix = {arXiv},
       eprint = {0902.3095},
 primaryClass = {astro-ph.GA},
       adsurl = {https://ui.adsabs.harvard.edu/abs/2009ApJ...696.1407N},
      adsnote = {Provided by the SAO/NASA Astrophysics Data System}
}


@ARTICLE{Fritz2011,
       author = {{Fritz}, T.~K. and {Gillessen}, S. and {Dodds-Eden}, K. and {Lutz}, D. and {Genzel}, R. and {Raab}, W. and {Ott}, T. and {Pfuhl}, O. and {Eisenhauer}, F. and {Yusef-Zadeh}, F.},
        title = "{Line Derived Infrared Extinction toward the Galactic Center}",
      journal = {\apj},
     keywords = {dust, extinction, Galaxy: center, Galaxy: fundamental parameters, Astrophysics - Astrophysics of Galaxies},
         year = 2011,
        month = aug,
       volume = {737},
       number = {2},
          eid = {73},
        pages = {73},
          doi = {10.1088/0004-637X/737/2/73},
archivePrefix = {arXiv},
       eprint = {1105.2822},
 primaryClass = {astro-ph.GA},
       adsurl = {https://ui.adsabs.harvard.edu/abs/2011ApJ...737...73F},
      adsnote = {Provided by the SAO/NASA Astrophysics Data System}
}


@ARTICLE{Chiar2006,
       author = {{Chiar}, J.~E. and {Tielens}, A.~G.~G.~M.},
        title = "{Pixie Dust: The Silicate Features in the Diffuse Interstellar Medium}",
      journal = {\apj},
     keywords = {ISM: Dust, Extinction, Infrared: ISM, ISM: Abundances, ISM: Lines and Bands, ISM: Molecules, Astrophysics},
         year = 2006,
        month = feb,
       volume = {637},
       number = {2},
        pages = {774-785},
          doi = {10.1086/498406},
archivePrefix = {arXiv},
       eprint = {astro-ph/0510156},
 primaryClass = {astro-ph},
       adsurl = {https://ui.adsabs.harvard.edu/abs/2006ApJ...637..774C},
      adsnote = {Provided by the SAO/NASA Astrophysics Data System}
}


@MISC{Gordon2022,
       author = {{Gordon}, Karl and {Larson}, Kristen and {McBride}, Aidan and {Lim}, P.~L. and {Sip{\H{o}}cz}, Brigitta and {Gaikwad}, Soham},
        title = "{karllark/dust\_extinction: NIRSpectralExtinctionAdded}",
 howpublished = {Zenodo},
         year = 2022,
        month = mar,
          eid = {10.5281/zenodo.6397654},
          doi = {10.5281/zenodo.6397654},
      version = {v1.1},
    publisher = {Zenodo},
       adsurl = {https://ui.adsabs.harvard.edu/abs/2022zndo...6397654G},
      adsnote = {Provided by the SAO/NASA Astrophysics Data System}
}


@ARTICLE{Smith2013,
       author = {{Smith}, Nathan and {Arnett}, W. David and {Bally}, John and {Ginsburg}, Adam and {Filippenko}, Alexei V.},
        title = "{The ring nebula around the blue supergiant SBW1: pre-explosion snapshot of an SN 1987A twin}",
      journal = {\mnras},
     keywords = {binaries: general, circumstellar matter, stars: evolution, stars: mass loss, supernovae: individual: SN 1987A, stars: winds, outflows, Astrophysics - Solar and Stellar Astrophysics, Astrophysics - High Energy Astrophysical Phenomena},
         year = 2013,
        month = feb,
       volume = {429},
       number = {2},
        pages = {1324-1341},
          doi = {10.1093/mnras/sts418},
archivePrefix = {arXiv},
       eprint = {1211.4612},
 primaryClass = {astro-ph.SR},
       adsurl = {https://ui.adsabs.harvard.edu/abs/2013MNRAS.429.1324S},
      adsnote = {Provided by the SAO/NASA Astrophysics Data System}
}


@ARTICLE{Jang2022,
       author = {{Jang}, Dajeong and {An}, Deokkeun and {Sellgren}, Kris and {Ram{\'\i}rez}, Solange V. and {Boogert}, A.~C. Adwin and {Schultheis}, Mathias},
        title = "{Massive Young Stellar Objects in the Galactic Center. II. Seeing Through the Ice-rich Envelopes}",
      journal = {\apj},
     keywords = {Astrochemistry, Galactic center, Interstellar abundances, Protostars, Ice formation, Young stellar objects, 75, 565, 832, 1302, 2092, 1834, Astrophysics - Astrophysics of Galaxies, Astrophysics - Solar and Stellar Astrophysics},
         year = 2022,
        month = may,
       volume = {930},
       number = {1},
          eid = {16},
        pages = {16},
          doi = {10.3847/1538-4357/ac5d51},
archivePrefix = {arXiv},
       eprint = {2203.16833},
 primaryClass = {astro-ph.GA},
       adsurl = {https://ui.adsabs.harvard.edu/abs/2022ApJ...930...16J},
      adsnote = {Provided by the SAO/NASA Astrophysics Data System}
}

@ARTICLE{Geballe2021,
       author = {{Geballe}, T.~R. and {Pendleton}, Yvonne and {Chiar}, Jean and {Tielens}, Alexander G.~G.~M.},
        title = "{The Interstellar Medium toward the Galactic Center Source 2MASS J17470898-2829561}",
      journal = {\apj},
     keywords = {Interstellar dust extinction, Interstellar clouds, Infrared astronomy, Interstellar line absorption, Interstellar molecules, Dense interstellar clouds, Diffuse interstellar clouds, Galactic center, High resolution spectroscopy, OH/IR stars, 837, 834, 786, 843, 849, 371, 380, 565, 2096, 1156, Astrophysics - Astrophysics of Galaxies},
         year = 2021,
        month = may,
       volume = {912},
       number = {1},
          eid = {47},
        pages = {47},
          doi = {10.3847/1538-4357/abee12},
archivePrefix = {arXiv},
       eprint = {2103.06514},
 primaryClass = {astro-ph.GA},
       adsurl = {https://ui.adsabs.harvard.edu/abs/2021ApJ...912...47G},
      adsnote = {Provided by the SAO/NASA Astrophysics Data System}
}

@ARTICLE{Moultaka2019,
       author = {{Moultaka}, J. and {Eckart}, A. and {Tikare}, K. and {Bajat}, A.},
        title = "{High-spectral resolution M-band observations of CO Rot-Vib absorption lines towards the Galactic center}",
      journal = {\aap},
     keywords = {Galaxy: center, galaxies: nuclei, infrared: ISM, Astrophysics - Astrophysics of Galaxies},
         year = 2019,
        month = jun,
       volume = {626},
          eid = {A44},
        pages = {A44},
          doi = {10.1051/0004-6361/201935102},
archivePrefix = {arXiv},
       eprint = {1905.03734},
 primaryClass = {astro-ph.GA},
       adsurl = {https://ui.adsabs.harvard.edu/abs/2019A&A...626A..44M},
      adsnote = {Provided by the SAO/NASA Astrophysics Data System}
}

@ARTICLE{An2017,
       author = {{An}, Deokkeun and {Sellgren}, Kris and {Boogert}, A.~C. Adwin and {Ram{\'\i}rez}, Solange V. and {Pyo}, Tae-Soo},
        title = "{Abundant Methanol Ice toward a Massive Young Stellar Object in the Central Molecular Zone}",
      journal = {\apjl},
     keywords = {astrochemistry, Galaxy: nucleus, ISM: abundances, stars: massive, stars: protostars, Astrophysics - Astrophysics of Galaxies},
         year = 2017,
        month = jul,
       volume = {843},
       number = {2},
          eid = {L36},
        pages = {L36},
          doi = {10.3847/2041-8213/aa7cfe},
archivePrefix = {arXiv},
       eprint = {1707.03120},
 primaryClass = {astro-ph.GA},
       adsurl = {https://ui.adsabs.harvard.edu/abs/2017ApJ...843L..36A},
      adsnote = {Provided by the SAO/NASA Astrophysics Data System}
}

@ARTICLE{Moultaka2015a,
       author = {{Moultaka}, J. and {Eckart}, A. and {Mu{\v{z}}i{\'c}}, K.},
        title = "{``Ice Cubes'' in the Center of the Milky Way: Water-ice and Hydrocarbons in the Central Parsec}",
      journal = {\apj},
     keywords = {galaxies: nuclei, Galaxy: center, infrared: ISM, Astrophysics - Astrophysics of Galaxies},
         year = 2015,
        month = jun,
       volume = {806},
       number = {2},
          eid = {202},
        pages = {202},
          doi = {10.1088/0004-637X/806/2/202},
archivePrefix = {arXiv},
       eprint = {1506.01918},
 primaryClass = {astro-ph.GA},
       adsurl = {https://ui.adsabs.harvard.edu/abs/2015ApJ...806..202M},
      adsnote = {Provided by the SAO/NASA Astrophysics Data System}
}

@ARTICLE{Moultaka2015b,
       author = {{Moultaka}, J. and {Eckart}, A. and {Sabha}, N.},
        title = "{Ices in the Galactic Centre: solid ice and gaseous CO in the central parsec$^{★}$}",
      journal = {\mnras},
     keywords = {Galaxy: centre, galaxies: nuclei, infrared: ISM, Astrophysics - Astrophysics of Galaxies},
         year = 2015,
        month = apr,
       volume = {448},
       number = {4},
        pages = {3363-3373},
          doi = {10.1093/mnras/stv222},
archivePrefix = {arXiv},
       eprint = {1504.06162},
 primaryClass = {astro-ph.GA},
       adsurl = {https://ui.adsabs.harvard.edu/abs/2015MNRAS.448.3363M},
      adsnote = {Provided by the SAO/NASA Astrophysics Data System}
}

@ARTICLE{An2011,
       author = {{An}, Deokkeun and {Ram{\'\i}rez}, Solange V. and {Sellgren}, Kris and {Arendt}, Richard G. and {Adwin Boogert}, A.~C. and {Robitaille}, Thomas P. and {Schultheis}, Mathias and {Cotera}, Angela S. and {Smith}, Howard A. and {Stolovy}, Susan R.},
        title = "{Massive Young Stellar Objects in the Galactic Center. I. Spectroscopic Identification from Spitzer Infrared Spectrograph Observations}",
      journal = {\apj},
     keywords = {Galaxy: nucleus, infrared: ISM, ISM: molecules, stars: formation, Astrophysics - Astrophysics of Galaxies, Astrophysics - Solar and Stellar Astrophysics},
         year = 2011,
        month = aug,
       volume = {736},
       number = {2},
          eid = {133},
        pages = {133},
          doi = {10.1088/0004-637X/736/2/133},
archivePrefix = {arXiv},
       eprint = {1104.4788},
 primaryClass = {astro-ph.GA},
       adsurl = {https://ui.adsabs.harvard.edu/abs/2011ApJ...736..133A},
      adsnote = {Provided by the SAO/NASA Astrophysics Data System}
}


@ARTICLE{Tang2021,
       author = {{Tang}, Yuping and {Wang}, Q. Daniel and {Wilson}, Grant W.},
        title = "{AzTEC survey of the central molecular zone: increasing spectral index of dust with density}",
      journal = {\mnras},
     keywords = {ISM: clouds, dust, extinction, Galaxy: centre, submillimetre: ISM, Astrophysics - Astrophysics of Galaxies},
         year = 2021,
        month = aug,
       volume = {505},
       number = {2},
        pages = {2377-2391},
          doi = {10.1093/mnras/staa3230},
archivePrefix = {arXiv},
       eprint = {2008.12361},
 primaryClass = {astro-ph.GA},
       adsurl = {https://ui.adsabs.harvard.edu/abs/2021MNRAS.505.2377T},
      adsnote = {Provided by the SAO/NASA Astrophysics Data System}
}

@ARTICLE{Ginsburg2016,
       author = {{Ginsburg}, Adam and {Henkel}, Christian and {Ao}, Yiping and {Riquelme}, Denise and {Kauffmann}, Jens and {Pillai}, Thushara and {Mills}, Elisabeth A.~C. and {Requena-Torres}, Miguel A. and {Immer}, Katharina and {Testi}, Leonardo and {Ott}, Juergen and {Bally}, John and {Battersby}, Cara and {Darling}, Jeremy and {Aalto}, Susanne and {Stanke}, Thomas and {Kendrew}, Sarah and {Kruijssen}, J.~M. Diederik and {Longmore}, Steven and {Dale}, James and {Guesten}, Rolf and {Menten}, Karl M.},
        title = "{Dense gas in the Galactic central molecular zone is warm and heated by turbulence}",
      journal = {\aap},
     keywords = {Galaxy: center, ISM: molecules, ISM: structure, Galaxy: nucleus, cosmic rays, ISM: clouds, Astrophysics - Astrophysics of Galaxies},
         year = 2016,
        month = feb,
       volume = {586},
          eid = {A50},
        pages = {A50},
          doi = {10.1051/0004-6361/201526100},
archivePrefix = {arXiv},
       eprint = {1509.01583},
 primaryClass = {astro-ph.GA},
       adsurl = {https://ui.adsabs.harvard.edu/abs/2016A&A...586A..50G},
      adsnote = {Provided by the SAO/NASA Astrophysics Data System}
}


@ARTICLE{Nogueras-Lara2020,
       author = {{Nogueras-Lara}, F. and {Sch{\"o}del}, R. and {Neumayer}, N. and {Gallego-Cano}, E. and {Shahzamanian}, B. and {Gallego-Calvente}, A.~T. and {Najarro}, F.},
        title = "{GALACTICNUCLEUS: A high angular-resolution JHK$_{s}$ imaging survey of the Galactic centre. III. Evidence for wavelength-dependence of the extinction curve in the near-infrared}",
      journal = {\aap},
     keywords = {Galaxy: center, Galaxy: bulge, Galaxy: structure, stars: horizontal-branch, dust, extinction, Astrophysics - Astrophysics of Galaxies},
         year = 2020,
        month = sep,
       volume = {641},
          eid = {A141},
        pages = {A141},
          doi = {10.1051/0004-6361/202038606},
archivePrefix = {arXiv},
       eprint = {2007.04401},
 primaryClass = {astro-ph.GA},
       adsurl = {https://ui.adsabs.harvard.edu/abs/2020A&A...641A.141N},
      adsnote = {Provided by the SAO/NASA Astrophysics Data System}
}

@ARTICLE{Battersby2020,
       author = {{Battersby}, Cara and {Keto}, Eric and {Walker}, Daniel and {Barnes}, Ashley and {Callanan}, Daniel and {Ginsburg}, Adam and {Hatchfield}, H. Perry and {Henshaw}, Jonathan and {Kauffmann}, Jens and {Kruijssen}, J.~M. Diederik and {Longmore}, Steven N. and {Lu}, Xing and {Mills}, Elisabeth A.~C. and {Pillai}, Thushara and {Zhang}, Qizhou and {Bally}, John and {Butterfield}, Natalie and {Contreras}, Yanett A. and {Ho}, Luis C. and {Ott}, J{\"u}rgen and {Patel}, Nimesh and {Tolls}, Volker},
        title = "{CMZoom: Survey Overview and First Data Release}",
      journal = {\apjs},
     keywords = {Star formation, Galactic center, Submillimeter astronomy, Star-forming regions, Dense interstellar clouds, Molecular clouds, Infrared dark clouds, Protostars, Interferometry, 1569, 565, 1647, 1565, 371, 1072, 787, 1302, 808, Astrophysics - Astrophysics of Galaxies},
         year = 2020,
        month = aug,
       volume = {249},
       number = {2},
          eid = {35},
        pages = {35},
          doi = {10.3847/1538-4365/aba18e},
archivePrefix = {arXiv},
       eprint = {2007.05023},
 primaryClass = {astro-ph.GA},
       adsurl = {https://ui.adsabs.harvard.edu/abs/2020ApJS..249...35B},
      adsnote = {Provided by the SAO/NASA Astrophysics Data System}
}

@ARTICLE{Sormani2020,
       author = {{Sormani}, Mattia C. and {Tress}, Robin G. and {Glover}, Simon C.~O. and {Klessen}, Ralf S. and {Battersby}, Cara D. and {Clark}, Paul C. and {Hatchfield}, H. Perry and {Smith}, Rowan J.},
        title = "{Simulations of the Milky Way's Central Molecular Zone - II. Star formation}",
      journal = {\mnras},
     keywords = {stars: formation, ISM: clouds, ISM: evolution, ISM: kinematics and dynamics, Galaxy: centre, Galaxy: kinematics and dynamics, Astrophysics - Astrophysics of Galaxies},
         year = 2020,
        month = jul,
       volume = {497},
       number = {4},
        pages = {5024-5040},
          doi = {10.1093/mnras/staa1999},
archivePrefix = {arXiv},
       eprint = {2004.06731},
 primaryClass = {astro-ph.GA},
       adsurl = {https://ui.adsabs.harvard.edu/abs/2020MNRAS.497.5024S},
      adsnote = {Provided by the SAO/NASA Astrophysics Data System}
}

@ARTICLE{Hankins2020,
       author = {{Hankins}, Matthew J. and {Lau}, Ryan M. and {Radomski}, James T. and {Cotera}, Angela S. and {Morris}, Mark R. and {Mills}, Elisabeth A.~C. and {Walker}, Daniel L. and {Barnes}, Ashley T. and {Simpson}, Janet P. and {Herter}, Terry L. and {Longmore}, Steven N. and {Bally}, John and {Kasliwal}, Mansi M. and {Sabha}, Nadeen B. and {Garc{\'\i}a-Marin}, Macarena},
        title = "{SOFIA/FORCAST Galactic Center Legacy Survey: Overview}",
      journal = {\apj},
     keywords = {694, 565, 1569, 1565, Astrophysics - Astrophysics of Galaxies},
         year = 2020,
        month = may,
       volume = {894},
       number = {1},
          eid = {55},
        pages = {55},
          doi = {10.3847/1538-4357/ab7c5d},
archivePrefix = {arXiv},
       eprint = {2001.05487},
 primaryClass = {astro-ph.GA},
       adsurl = {https://ui.adsabs.harvard.edu/abs/2020ApJ...894...55H},
      adsnote = {Provided by the SAO/NASA Astrophysics Data System}
}

@ARTICLE{Lu2020,
       author = {{Lu}, Xing and {Cheng}, Yu and {Ginsburg}, Adam and {Longmore}, Steven N. and {Kruijssen}, J.~M. Diederik and {Battersby}, Cara and {Zhang}, Qizhou and {Walker}, Daniel L.},
        title = "{ALMA Observations of Massive Clouds in the Central Molecular Zone: Jeans Fragmentation and Cluster Formation}",
      journal = {\apjl},
     keywords = {565, 1569, 1072, Astrophysics - Astrophysics of Galaxies},
         year = 2020,
        month = may,
       volume = {894},
       number = {2},
          eid = {L14},
        pages = {L14},
          doi = {10.3847/2041-8213/ab8b65},
archivePrefix = {arXiv},
       eprint = {2004.09532},
 primaryClass = {astro-ph.GA},
       adsurl = {https://ui.adsabs.harvard.edu/abs/2020ApJ...894L..14L},
      adsnote = {Provided by the SAO/NASA Astrophysics Data System}
}

@ARTICLE{Krumholz2020,
       author = {{Krumholz}, Mark R. and {McKee}, Christopher F.},
        title = "{How do bound star clusters form?}",
      journal = {\mnras},
     keywords = {stars: formation, ISM: kinematics and dynamics, open clusters and associations: general, galaxies: star clusters: general, Astrophysics - Astrophysics of Galaxies, Astrophysics - Solar and Stellar Astrophysics},
         year = 2020,
        month = mar,
       volume = {494},
       number = {1},
        pages = {624-641},
          doi = {10.1093/mnras/staa659},
archivePrefix = {arXiv},
       eprint = {1909.01565},
 primaryClass = {astro-ph.GA},
       adsurl = {https://ui.adsabs.harvard.edu/abs/2020MNRAS.494..624K},
      adsnote = {Provided by the SAO/NASA Astrophysics Data System}
}

@ARTICLE{Sanhueza2019,
       author = {{Sanhueza}, Patricio and {Contreras}, Yanett and {Wu}, Benjamin and {Jackson}, James M. and {Guzm{\'a}n}, Andr{\'e}s E. and {Zhang}, Qizhou and {Li}, Shanghuo and {Lu}, Xing and {Silva}, Andrea and {Izumi}, Natsuko and {Liu}, Tie and {Miura}, Rie E. and {Tatematsu}, Ken'ichi and {Sakai}, Takeshi and {Beuther}, Henrik and {Garay}, Guido and {Ohashi}, Satoshi and {Saito}, Masao and {Nakamura}, Fumitaka and {Saigo}, Kazuya and {Veena}, V.~S. and {Nguyen-Luong}, Quang and {Tafoya}, Daniel},
        title = "{The ALMA Survey of 70 {\ensuremath{\mu}}m Dark High-mass Clumps in Early Stages (ASHES). I. Pilot Survey: Clump Fragmentation}",
      journal = {\apj},
     keywords = {Infrared dark clouds, Dust continuum emission, Star-forming regions, Massive stars, Star formation, 787, 412, 1565, 732, 1569, Astrophysics - Astrophysics of Galaxies, Astrophysics - Solar and Stellar Astrophysics},
         year = 2019,
        month = dec,
       volume = {886},
       number = {2},
          eid = {102},
        pages = {102},
          doi = {10.3847/1538-4357/ab45e9},
archivePrefix = {arXiv},
       eprint = {1909.07985},
 primaryClass = {astro-ph.GA},
       adsurl = {https://ui.adsabs.harvard.edu/abs/2019ApJ...886..102S},
      adsnote = {Provided by the SAO/NASA Astrophysics Data System}
}

@ARTICLE{Lu2019a,
       author = {{Lu}, Xing and {Mills}, Elisabeth A.~C. and {Ginsburg}, Adam and {Walker}, Daniel L. and {Barnes}, Ashley T. and {Butterfield}, Natalie and {Henshaw}, Jonathan D. and {Battersby}, Cara and {Kruijssen}, J.~M. Diederik and {Longmore}, Steven N. and {Zhang}, Qizhou and {Bally}, John and {Kauffmann}, Jens and {Ott}, J{\"u}rgen and {Rickert}, Matthew and {Wang}, Ke},
        title = "{A Census of Early-phase High-mass Star Formation in the Central Molecular Zone}",
      journal = {\apjs},
     keywords = {Star formation, Galactic center, H II regions, Astrophysical masers, 1569, 565, 694, 103, Astrophysics - Astrophysics of Galaxies},
         year = 2019,
        month = oct,
       volume = {244},
       number = {2},
          eid = {35},
        pages = {35},
          doi = {10.3847/1538-4365/ab4258},
archivePrefix = {arXiv},
       eprint = {1909.02338},
 primaryClass = {astro-ph.GA},
       adsurl = {https://ui.adsabs.harvard.edu/abs/2019ApJS..244...35L},
      adsnote = {Provided by the SAO/NASA Astrophysics Data System}
}

@ARTICLE{Krumholz2019,
       author = {{Krumholz}, Mark R. and {McKee}, Christopher F. and {Bland-Hawthorn}, Joss},
        title = "{Star Clusters Across Cosmic Time}",
      journal = {\araa},
     keywords = {Astrophysics - Astrophysics of Galaxies, Astrophysics - Solar and Stellar Astrophysics},
         year = 2019,
        month = aug,
       volume = {57},
        pages = {227-303},
          doi = {10.1146/annurev-astro-091918-104430},
archivePrefix = {arXiv},
       eprint = {1812.01615},
 primaryClass = {astro-ph.GA},
       adsurl = {https://ui.adsabs.harvard.edu/abs/2019ARA&A..57..227K},
      adsnote = {Provided by the SAO/NASA Astrophysics Data System}
}

@ARTICLE{Kruijssen2019,
       author = {{Kruijssen}, J.~M.~D. and {Dale}, J.~E. and {Longmore}, S.~N. and {Walker}, D.~L. and {Henshaw}, J.~D. and {Jeffreson}, S.~M.~R. and {Petkova}, M.~A. and {Ginsburg}, A. and {Barnes}, A.~T. and {Battersby}, C.~D. and {Immer}, K. and {Jackson}, J.~M. and {Keto}, E.~R. and {Krieger}, N. and {Mills}, E.~A.~C. and {S{\'a}nchez-Monge}, {\'A}. and {Schmiedeke}, A. and {Suri}, S.~T. and {Zhang}, Q.},
        title = "{The dynamical evolution of molecular clouds near the Galactic Centre - II. Spatial structure and kinematics of simulated clouds}",
      journal = {\mnras},
     keywords = {stars: formation, ISM: clouds, ISM: evolution, ISM: kinematics and dynamics, Galaxy: centre, galaxies: ISM, Astrophysics - Astrophysics of Galaxies},
         year = 2019,
        month = apr,
       volume = {484},
       number = {4},
        pages = {5734-5754},
          doi = {10.1093/mnras/stz381},
archivePrefix = {arXiv},
       eprint = {1902.01860},
 primaryClass = {astro-ph.GA},
       adsurl = {https://ui.adsabs.harvard.edu/abs/2019MNRAS.484.5734K},
      adsnote = {Provided by the SAO/NASA Astrophysics Data System}
}

@ARTICLE{Lu2019b,
       author = {{Lu}, Xing and {Zhang}, Qizhou and {Kauffmann}, Jens and {Pillai}, Thushara and {Ginsburg}, Adam and {Mills}, Elisabeth A.~C. and {Kruijssen}, J.~M. Diederik and {Longmore}, Steven N. and {Battersby}, Cara and {Liu}, Hauyu Baobab and {Gu}, Qiusheng},
        title = "{Star Formation Rates of Massive Molecular Clouds in the Central Molecular Zone}",
      journal = {\apj},
     keywords = {Galaxy: center, ISM: clouds, stars: formation, Astrophysics - Astrophysics of Galaxies},
         year = 2019,
        month = feb,
       volume = {872},
       number = {2},
          eid = {171},
        pages = {171},
          doi = {10.3847/1538-4357/ab017d},
archivePrefix = {arXiv},
       eprint = {1901.07779},
 primaryClass = {astro-ph.GA},
       adsurl = {https://ui.adsabs.harvard.edu/abs/2019ApJ...872..171L},
      adsnote = {Provided by the SAO/NASA Astrophysics Data System}
}

@ARTICLE{Hosek2019,
       author = {{Hosek}, Matthew W., Jr. and {Lu}, Jessica R. and {Anderson}, Jay and {Najarro}, Francisco and {Ghez}, Andrea M. and {Morris}, Mark R. and {Clarkson}, William I. and {Albers}, Saundra M.},
        title = "{The Unusual Initial Mass Function of the Arches Cluster}",
      journal = {\apj},
     keywords = {astrometry, Galaxy: center, open clusters and associations: individual: Arches Cluster, stars: formation, Astrophysics - Astrophysics of Galaxies, Astrophysics - Solar and Stellar Astrophysics},
         year = 2019,
        month = jan,
       volume = {870},
       number = {1},
          eid = {44},
        pages = {44},
          doi = {10.3847/1538-4357/aaef90},
archivePrefix = {arXiv},
       eprint = {1808.02577},
 primaryClass = {astro-ph.GA},
       adsurl = {https://ui.adsabs.harvard.edu/abs/2019ApJ...870...44H},
      adsnote = {Provided by the SAO/NASA Astrophysics Data System}
}

@ARTICLE{Ginsburg2018a,
       author = {{Ginsburg}, Adam and {Kruijssen}, J.~M. Diederik},
        title = "{A High Cluster Formation Efficiency in the Sagittarius B2 Complex}",
      journal = {\apjl},
     keywords = {galaxies: star clusters: general, galaxies: star formation, Astrophysics - Astrophysics of Galaxies},
         year = 2018,
        month = sep,
       volume = {864},
       number = {1},
          eid = {L17},
        pages = {L17},
          doi = {10.3847/2041-8213/aada89},
archivePrefix = {arXiv},
       eprint = {1808.06616},
 primaryClass = {astro-ph.GA},
       adsurl = {https://ui.adsabs.harvard.edu/abs/2018ApJ...864L..17G},
      adsnote = {Provided by the SAO/NASA Astrophysics Data System}
}

@ARTICLE{Jeffreson2018,
       author = {{Jeffreson}, S.~M.~R. and {Kruijssen}, J.~M.~D. and {Krumholz}, M.~R. and {Longmore}, S.~N.},
        title = "{On the physical mechanisms governing the cloud lifecycle in the Central Molecular Zone of the Milky Way}",
      journal = {\mnras},
     keywords = {stars: formation, ISM: clouds, ISM: evolution, ISM: kinematics and dynamics, Galaxy: centre, galaxies: ISM, Astrophysics - Astrophysics of Galaxies},
         year = 2018,
        month = aug,
       volume = {478},
       number = {3},
        pages = {3380-3385},
          doi = {10.1093/mnras/sty1154},
archivePrefix = {arXiv},
       eprint = {1805.02655},
 primaryClass = {astro-ph.GA},
       adsurl = {https://ui.adsabs.harvard.edu/abs/2018MNRAS.478.3380J},
      adsnote = {Provided by the SAO/NASA Astrophysics Data System}
}

@ARTICLE{Motte2018,
       author = {{Motte}, F. and {Nony}, T. and {Louvet}, F. and {Marsh}, K.~A. and {Bontemps}, S. and {Whitworth}, A.~P. and {Men'shchikov}, A. and {Nguyen Luong}, Q. and {Csengeri}, T. and {Maury}, A.~J. and {Gusdorf}, A. and {Chapillon}, E. and {K{\"o}nyves}, V. and {Schilke}, P. and {Duarte-Cabral}, A. and {Didelon}, P. and {Gaudel}, M.},
        title = "{The unexpectedly large proportion of high-mass star-forming cores in a Galactic mini-starburst}",
      journal = {Nature Astronomy},
     keywords = {Astrophysics - Astrophysics of Galaxies, Astrophysics - Solar and Stellar Astrophysics},
         year = 2018,
        month = apr,
       volume = {2},
        pages = {478-482},
          doi = {10.1038/s41550-018-0452-x},
archivePrefix = {arXiv},
       eprint = {1804.02392},
 primaryClass = {astro-ph.GA},
       adsurl = {https://ui.adsabs.harvard.edu/abs/2018NatAs...2..478M},
      adsnote = {Provided by the SAO/NASA Astrophysics Data System}
}

@ARTICLE{Caldwell2018,
       author = {{Caldwell}, Spencer and {Chang}, Philip},
        title = "{The accelerating pace of star formation}",
      journal = {\mnras},
     keywords = {stars: formation, galaxies: star clusters: general, galaxies: star formation, Astrophysics - Astrophysics of Galaxies},
         year = 2018,
        month = mar,
       volume = {474},
       number = {4},
        pages = {4818-4823},
          doi = {10.1093/mnras/stx3037},
archivePrefix = {arXiv},
       eprint = {1711.07512},
 primaryClass = {astro-ph.GA},
       adsurl = {https://ui.adsabs.harvard.edu/abs/2018MNRAS.474.4818C},
      adsnote = {Provided by the SAO/NASA Astrophysics Data System}
}

@ARTICLE{Walker2018,
       author = {{Walker}, D.~L. and {Longmore}, S.~N. and {Zhang}, Q. and {Battersby}, C. and {Keto}, E. and {Kruijssen}, J.~M.~D. and {Ginsburg}, A. and {Lu}, X. and {Henshaw}, J.~D. and {Kauffmann}, J. and {Pillai}, T. and {Mills}, E.~A.~C. and {Walsh}, A.~J. and {Bally}, J. and {Ho}, L.~C. and {Immer}, K. and {Johnston}, K.~G.},
        title = "{Star formation in a high-pressure environment: an SMA view of the Galactic Centre dust ridge}",
      journal = {\mnras},
     keywords = {stars: formation, ISM: clouds, Galaxy: centre, Astrophysics - Astrophysics of Galaxies},
         year = 2018,
        month = feb,
       volume = {474},
       number = {2},
        pages = {2373-2388},
          doi = {10.1093/mnras/stx2898},
archivePrefix = {arXiv},
       eprint = {1711.00781},
 primaryClass = {astro-ph.GA},
       adsurl = {https://ui.adsabs.harvard.edu/abs/2018MNRAS.474.2373W},
      adsnote = {Provided by the SAO/NASA Astrophysics Data System}
}

@ARTICLE{Ginsburg2018b,
       author = {{Ginsburg}, Adam and {Bally}, John and {Barnes}, Ashley and {Bastian}, Nate and {Battersby}, Cara and {Beuther}, Henrik and {Brogan}, Crystal and {Contreras}, Yanett and {Corby}, Joanna and {Darling}, Jeremy and {De Pree}, Chris and {Galv{\'a}n-Madrid}, Roberto and {Garay}, Guido and {Henshaw}, Jonathan and {Hunter}, Todd and {Kruijssen}, J.~M. Diederik and {Longmore}, Steven and {Lu}, Xing and {Meng}, Fanyi and {Mills}, Elisabeth A.~C. and {Ott}, Juergen and {Pineda}, Jaime E. and {S{\'a}nchez-Monge}, {\'A}lvaro and {Schilke}, Peter and {Schmiedeke}, Anika and {Walker}, Daniel and {Wilner}, David},
        title = "{Distributed Star Formation throughout the Galactic Center Cloud Sgr B2}",
      journal = {\apj},
     keywords = {galaxies: star formation, H ii regions, ISM: molecules, stars: formation, stars: protostars, Astrophysics - Astrophysics of Galaxies},
         year = 2018,
        month = feb,
       volume = {853},
       number = {2},
          eid = {171},
        pages = {171},
          doi = {10.3847/1538-4357/aaa6d4},
archivePrefix = {arXiv},
       eprint = {1801.04941},
 primaryClass = {astro-ph.GA},
       adsurl = {https://ui.adsabs.harvard.edu/abs/2018ApJ...853..171G},
      adsnote = {Provided by the SAO/NASA Astrophysics Data System}
}

@ARTICLE{Barnes2017,
       author = {{Barnes}, A.~T. and {Longmore}, S.~N. and {Battersby}, C. and {Bally}, J. and {Kruijssen}, J.~M.~D. and {Henshaw}, J.~D. and {Walker}, D.~L.},
        title = "{Star formation rates and efficiencies in the Galactic Centre}",
      journal = {\mnras},
     keywords = {stars: formation, ISM: clouds, H $\lt$sc$\gt$II$\lt$/sc$\gt$ regions, Galaxy: centre, Astrophysics - Astrophysics of Galaxies},
         year = 2017,
        month = aug,
       volume = {469},
       number = {2},
        pages = {2263-2285},
          doi = {10.1093/mnras/stx941},
archivePrefix = {arXiv},
       eprint = {1704.03572},
 primaryClass = {astro-ph.GA},
       adsurl = {https://ui.adsabs.harvard.edu/abs/2017MNRAS.469.2263B},
      adsnote = {Provided by the SAO/NASA Astrophysics Data System}
}

@ARTICLE{Sanchez-Monge2017,
       author = {{S{\'a}nchez-Monge}, {\'A}. and {Schilke}, P. and {Schmiedeke}, A. and {Ginsburg}, A. and {Cesaroni}, R. and {Lis}, D.~C. and {Qin}, S. -L. and {M{\"u}ller}, H.~S.~P. and {Bergin}, E. and {Comito}, C. and {M{\"o}ller}, Th.},
        title = "{The physical and chemical structure of Sagittarius B2. II. Continuum millimeter emission of Sgr B2(M) and Sgr B2(N) with ALMA}",
      journal = {\aap},
     keywords = {stars: formation, stars: massive, radio continuum: ISM, radio lines: ISM, ISM: individual objects: SgrB2(M), ISM: individual objects: SgrB2(N), Astrophysics - Astrophysics of Galaxies},
         year = 2017,
        month = jul,
       volume = {604},
          eid = {A6},
        pages = {A6},
          doi = {10.1051/0004-6361/201730426},
archivePrefix = {arXiv},
       eprint = {1704.01805},
 primaryClass = {astro-ph.GA},
       adsurl = {https://ui.adsabs.harvard.edu/abs/2017A&A...604A...6S},
      adsnote = {Provided by the SAO/NASA Astrophysics Data System}
}

@ARTICLE{Kauffmann2017a,
       author = {{Kauffmann}, Jens and {Pillai}, Thushara and {Zhang}, Qizhou and {Menten}, Karl M. and {Goldsmith}, Paul F. and {Lu}, Xing and {Guzm{\'a}n}, Andr{\'e}s E.},
        title = "{The Galactic Center Molecular Cloud Survey. I. A steep linewidth-size relation and suppression of star formation}",
      journal = {\aap},
     keywords = {ISM: clouds, methods: data analysis, stars: formation, Astrophysics - Astrophysics of Galaxies},
         year = 2017,
        month = jul,
       volume = {603},
          eid = {A89},
        pages = {A89},
          doi = {10.1051/0004-6361/201628088},
archivePrefix = {arXiv},
       eprint = {1610.03499},
 primaryClass = {astro-ph.GA},
       adsurl = {https://ui.adsabs.harvard.edu/abs/2017A&A...603A..89K},
      adsnote = {Provided by the SAO/NASA Astrophysics Data System}
}

@ARTICLE{Kauffmann2017b,
       author = {{Kauffmann}, Jens and {Pillai}, Thushara and {Zhang}, Qizhou and {Menten}, Karl M. and {Goldsmith}, Paul F. and {Lu}, Xing and {Guzm{\'a}n}, Andr{\'e}s E. and {Schmiedeke}, Anika},
        title = "{The Galactic Center Molecular Cloud Survey. II. A lack of dense gas and cloud evolution along Galactic center orbits}",
      journal = {\aap},
     keywords = {ISM: clouds, methods: data analysis, stars: formation, Galaxy: center, Astrophysics - Astrophysics of Galaxies},
         year = 2017,
        month = jul,
       volume = {603},
          eid = {A90},
        pages = {A90},
          doi = {10.1051/0004-6361/201628089},
archivePrefix = {arXiv},
       eprint = {1610.03502},
 primaryClass = {astro-ph.GA},
       adsurl = {https://ui.adsabs.harvard.edu/abs/2017A&A...603A..90K},
      adsnote = {Provided by the SAO/NASA Astrophysics Data System}
}

@ARTICLE{Lu2017,
       author = {{Lu}, Xing and {Zhang}, Qizhou and {Kauffmann}, Jens and {Pillai}, Thushara and {Longmore}, Steven N. and {Kruijssen}, J.~M. Diederik and {Battersby}, Cara and {Liu}, Hauyu Baobab and {Ginsburg}, Adam and {Mills}, Elisabeth A.~C. and {Zhang}, Zhi-Yu and {Gu}, Qiusheng},
        title = "{The Molecular Gas Environment in the 20 km s$^{-1}$ Cloud in the Central Molecular Zone}",
      journal = {\apj},
     keywords = {Galaxy: center, ISM: clouds, stars: formation, Astrophysics - Astrophysics of Galaxies},
         year = 2017,
        month = apr,
       volume = {839},
       number = {1},
          eid = {1},
        pages = {1},
          doi = {10.3847/1538-4357/aa67f7},
archivePrefix = {arXiv},
       eprint = {1703.06551},
 primaryClass = {astro-ph.GA},
       adsurl = {https://ui.adsabs.harvard.edu/abs/2017ApJ...839....1L},
      adsnote = {Provided by the SAO/NASA Astrophysics Data System}
}

@ARTICLE{Robitaille2017,
       author = {{Robitaille}, T.~P.},
        title = "{A modular set of synthetic spectral energy distributions for young stellar objects}",
      journal = {\aap},
     keywords = {astronomical databases: miscellaneous, radiative transfer, stars: formation, stars: protostars, Astrophysics - Solar and Stellar Astrophysics},
         year = 2017,
        month = apr,
       volume = {600},
          eid = {A11},
        pages = {A11},
          doi = {10.1051/0004-6361/201425486},
archivePrefix = {arXiv},
       eprint = {1703.05765},
 primaryClass = {astro-ph.SR},
       adsurl = {https://ui.adsabs.harvard.edu/abs/2017A&A...600A..11R},
      adsnote = {Provided by the SAO/NASA Astrophysics Data System}
}

@ARTICLE{Alcala2017,
       author = {{Alcal{\'a}}, J.~M. and {Manara}, C.~F. and {Natta}, A. and {Frasca}, A. and {Testi}, L. and {Nisini}, B. and {Stelzer}, B. and {Williams}, J.~P. and {Antoniucci}, S. and {Biazzo}, K. and {Covino}, E. and {Esposito}, M. and {Getman}, F. and {Rigliaco}, E.},
        title = "{X-shooter spectroscopy of young stellar objects in Lupus. Accretion properties of class II and transitional objects}",
      journal = {\aap},
     keywords = {stars: pre-main sequence, stars: low-mass, accretion, accretion disks, open clusters and associations: individual: Lupus, Astrophysics - Solar and Stellar Astrophysics, Astrophysics - Astrophysics of Galaxies},
         year = 2017,
        month = apr,
       volume = {600},
          eid = {A20},
        pages = {A20},
          doi = {10.1051/0004-6361/201629929},
archivePrefix = {arXiv},
       eprint = {1612.07054},
 primaryClass = {astro-ph.SR},
       adsurl = {https://ui.adsabs.harvard.edu/abs/2017A&A...600A..20A},
      adsnote = {Provided by the SAO/NASA Astrophysics Data System}
}

@ARTICLE{Bally2016,
       author = {{Bally}, John},
        title = "{Protostellar Outflows}",
      journal = {\araa},
         year = 2016,
        month = sep,
       volume = {54},
        pages = {491-528},
          doi = {10.1146/annurev-astro-081915-023341},
       adsurl = {https://ui.adsabs.harvard.edu/abs/2016ARA&A..54..491B},
      adsnote = {Provided by the SAO/NASA Astrophysics Data System}
}

@ARTICLE{Walker2016,
       author = {{Walker}, D.~L. and {Longmore}, S.~N. and {Bastian}, N. and {Kruijssen}, J.~M.~D. and {Rathborne}, J.~M. and {Galv{\'a}n-Madrid}, R. and {Liu}, H.~B.},
        title = "{Comparing young massive clusters and their progenitor clouds in the Milky Way}",
      journal = {\mnras},
     keywords = {stars: formation, ISM: clouds, Galaxy: centre, Galaxy: disc, open clusters and associations: general, Astrophysics - Astrophysics of Galaxies},
         year = 2016,
        month = apr,
       volume = {457},
       number = {4},
        pages = {4536-4545},
          doi = {10.1093/mnras/stw313},
archivePrefix = {arXiv},
       eprint = {1602.02762},
 primaryClass = {astro-ph.GA},
       adsurl = {https://ui.adsabs.harvard.edu/abs/2016MNRAS.457.4536W},
      adsnote = {Provided by the SAO/NASA Astrophysics Data System}
}

@ARTICLE{Schmiedeke2016,
       author = {{Schmiedeke}, A. and {Schilke}, P. and {M{\"o}ller}, Th. and {S{\'a}nchez-Monge}, {\'A}. and {Bergin}, E. and {Comito}, C. and {Csengeri}, T. and {Lis}, D.~C. and {Molinari}, S. and {Qin}, S. -L. and {Rolffs}, R.},
        title = "{The physical and chemical structure of Sagittarius B2. I. Three-dimensional thermal dust and free-free continuum modeling on 100 au to 45 pc scales}",
      journal = {\aap},
     keywords = {radiative transfer, radio continuum: general, stars: formation, stars: massive, ISM: individual objects: Sgr B2, ISM: clouds, Astrophysics - Astrophysics of Galaxies, Astrophysics - Solar and Stellar Astrophysics},
         year = 2016,
        month = apr,
       volume = {588},
          eid = {A143},
        pages = {A143},
          doi = {10.1051/0004-6361/201527311},
archivePrefix = {arXiv},
       eprint = {1602.02274},
 primaryClass = {astro-ph.GA},
       adsurl = {https://ui.adsabs.harvard.edu/abs/2016A&A...588A.143S},
      adsnote = {Provided by the SAO/NASA Astrophysics Data System}
}


@ARTICLE{Ginsburg2015,
       author = {{Ginsburg}, Adam and {Walsh}, Andrew and {Henkel}, Christian and {Jones}, Paul A. and {Cunningham}, Maria and {Kauffmann}, Jens and {Pillai}, Thushara and {Mills}, Elisabeth A.~C. and {Ott}, Juergen and {Kruijssen}, J.~M. Diederik and {Menten}, Karl M. and {Battersby}, Cara and {Rathborne}, Jill and {Contreras}, Yanett and {Longmore}, Steven and {Walker}, Daniel and {Dawson}, Joanne and {Lopez}, John A.~P.},
        title = "{High-mass star-forming cloud G0.38+0.04 in the Galactic center dust ridge contains H$_{2}$CO and SiO masers}",
      journal = {\aap},
     keywords = {radio lines: ISM, Galaxy: center, ISM: clouds, ISM: molecules, ISM: individual objects: G0.38+0.04, masers, Astrophysics - Astrophysics of Galaxies},
         year = 2015,
        month = dec,
       volume = {584},
          eid = {L7},
        pages = {L7},
          doi = {10.1051/0004-6361/201527452},
archivePrefix = {arXiv},
       eprint = {1510.06401},
 primaryClass = {astro-ph.GA},
       adsurl = {https://ui.adsabs.harvard.edu/abs/2015A&A...584L...7G},
      adsnote = {Provided by the SAO/NASA Astrophysics Data System}
}

@ARTICLE{Lu2015,
       author = {{Lu}, Xing and {Zhang}, Qizhou and {Kauffmann}, Jens and {Pillai}, Thushara and {Longmore}, Steven N. and {Kruijssen}, J.~M. Diederik and {Battersby}, Cara and {Gu}, Qiusheng},
        title = "{Deeply Embedded Protostellar Population in the 20 km s$^{-1}$ Cloud of the Central Molecular Zone}",
      journal = {\apjl},
     keywords = {Galaxy: center, ISM: clouds, stars: formation, Astrophysics - Astrophysics of Galaxies, Astrophysics - Solar and Stellar Astrophysics},
         year = 2015,
        month = dec,
       volume = {814},
       number = {2},
          eid = {L18},
        pages = {L18},
          doi = {10.1088/2041-8205/814/2/L18},
archivePrefix = {arXiv},
       eprint = {1510.04901},
 primaryClass = {astro-ph.GA},
       adsurl = {https://ui.adsabs.harvard.edu/abs/2015ApJ...814L..18L},
      adsnote = {Provided by the SAO/NASA Astrophysics Data System}
}

@ARTICLE{Walker2015,
       author = {{Walker}, D.~L. and {Longmore}, S.~N. and {Bastian}, N. and {Kruijssen}, J.~M.~D. and {Rathborne}, J.~M. and {Jackson}, J.~M. and {Foster}, J.~B. and {Contreras}, Y.},
        title = "{Tracing the conversion of gas into stars in Young Massive Cluster Progenitors}",
      journal = {\mnras},
     keywords = {stars: formation, ISM: clouds, Galaxy: centre, open clusters and associations: general, Astrophysics - Astrophysics of Galaxies},
         year = 2015,
        month = may,
       volume = {449},
       number = {1},
        pages = {715-725},
          doi = {10.1093/mnras/stv300},
archivePrefix = {arXiv},
       eprint = {1502.03822},
 primaryClass = {astro-ph.GA},
       adsurl = {https://ui.adsabs.harvard.edu/abs/2015MNRAS.449..715W},
      adsnote = {Provided by the SAO/NASA Astrophysics Data System}
}

@ARTICLE{Rathborne2015,
       author = {{Rathborne}, J.~M. and {Longmore}, S.~N. and {Jackson}, J.~M. and {Alves}, J.~F. and {Bally}, J. and {Bastian}, N. and {Contreras}, Y. and {Foster}, J.~B. and {Garay}, G. and {Kruijssen}, J.~M.~D. and {Testi}, L. and {Walsh}, A.~J.},
        title = "{A Cluster in the Making: ALMA Reveals the Initial Conditions for High-mass Cluster Formation}",
      journal = {\apj},
     keywords = {dust, extinction, infrared: ISM, ISM: clouds, radio lines: ISM, stars: formation, Astrophysics - Astrophysics of Galaxies},
         year = 2015,
        month = apr,
       volume = {802},
       number = {2},
          eid = {125},
        pages = {125},
          doi = {10.1088/0004-637X/802/2/125},
archivePrefix = {arXiv},
       eprint = {1501.07368},
 primaryClass = {astro-ph.GA},
       adsurl = {https://ui.adsabs.harvard.edu/abs/2015ApJ...802..125R},
      adsnote = {Provided by the SAO/NASA Astrophysics Data System}
}

@ARTICLE{vanderPlas2015,
       author = {{van der Plas}, G. and {van den Ancker}, M.~E. and {Waters}, L.~B.~F.~M. and {Dominik}, C.},
        title = "{The structure of disks around Herbig Ae/Be stars as traced by CO ro-vibrational emission}",
      journal = {\aap},
     keywords = {protoplanetary disks, Astrophysics - Solar and Stellar Astrophysics},
         year = 2015,
        month = feb,
       volume = {574},
          eid = {A75},
        pages = {A75},
          doi = {10.1051/0004-6361/201425052},
archivePrefix = {arXiv},
       eprint = {1412.1311},
 primaryClass = {astro-ph.SR},
       adsurl = {https://ui.adsabs.harvard.edu/abs/2015A&A...574A..75V},
      adsnote = {Provided by the SAO/NASA Astrophysics Data System}
}

@ARTICLE{Kruijssen2015,
       author = {{Kruijssen}, J.~M. Diederik and {Dale}, James E. and {Longmore}, Steven N.},
        title = "{The dynamical evolution of molecular clouds near the Galactic Centre - I. Orbital structure and evolutionary timeline}",
      journal = {\mnras},
     keywords = {stars: formation, ISM: clouds, ISM: kinematics and dynamics, Galaxy: centre, galaxies: ISM, Astrophysics - Astrophysics of Galaxies},
         year = 2015,
        month = feb,
       volume = {447},
       number = {2},
        pages = {1059-1079},
          doi = {10.1093/mnras/stu2526},
archivePrefix = {arXiv},
       eprint = {1412.0664},
 primaryClass = {astro-ph.GA},
       adsurl = {https://ui.adsabs.harvard.edu/abs/2015MNRAS.447.1059K},
      adsnote = {Provided by the SAO/NASA Astrophysics Data System}
}

@ARTICLE{Koepferl2015,
       author = {{Koepferl}, Christine M. and {Robitaille}, Thomas P. and {Morales}, Esteban F.~E. and {Johnston}, Katharine G.},
        title = "{Main-sequence Stars Masquerading as Young Stellar Objects in the Central Molecular Zone}",
      journal = {\apj},
     keywords = {Galaxy: center, radiative transfer, stars: formation, stars: pre-main sequence, stars: protostars, Astrophysics - Solar and Stellar Astrophysics, Astrophysics - Astrophysics of Galaxies},
         year = 2015,
        month = jan,
       volume = {799},
       number = {1},
          eid = {53},
        pages = {53},
          doi = {10.1088/0004-637X/799/1/53},
archivePrefix = {arXiv},
       eprint = {1411.4646},
 primaryClass = {astro-ph.SR},
       adsurl = {https://ui.adsabs.harvard.edu/abs/2015ApJ...799...53K},
      adsnote = {Provided by the SAO/NASA Astrophysics Data System}
}

@ARTICLE{Rathborne2014a,
       author = {{Rathborne}, J.~M. and {Longmore}, S.~N. and {Jackson}, J.~M. and {Kruijssen}, J.~M.~D. and {Alves}, J.~F. and {Bally}, J. and {Bastian}, N. and {Contreras}, Y. and {Foster}, J.~B. and {Garay}, G. and {Testi}, L. and {Walsh}, A.~J.},
        title = "{Turbulence Sets the Initial Conditions for Star Formation in High-pressure Environments}",
      journal = {\apjl},
     keywords = {dust, extinction, infrared: ISM, ISM: clouds, radio lines: ISM, stars: formation, Astrophysics - Astrophysics of Galaxies},
         year = 2014,
        month = nov,
       volume = {795},
       number = {2},
          eid = {L25},
        pages = {L25},
          doi = {10.1088/2041-8205/795/2/L25},
archivePrefix = {arXiv},
       eprint = {1409.0935},
 primaryClass = {astro-ph.GA},
       adsurl = {https://ui.adsabs.harvard.edu/abs/2014ApJ...795L..25R},
      adsnote = {Provided by the SAO/NASA Astrophysics Data System}
}

@ARTICLE{Rathborne2014b,
       author = {{Rathborne}, J.~M. and {Longmore}, S.~N. and {Jackson}, J.~M. and {Foster}, J.~B. and {Contreras}, Y. and {Garay}, G. and {Testi}, L. and {Alves}, J.~F. and {Bally}, J. and {Bastian}, N. and {Kruijssen}, J.~M.~D. and {Bressert}, E.},
        title = "{G0.253+0.016: A Centrally Condensed, High-mass Protocluster}",
      journal = {\apj},
     keywords = {dust, extinction, infrared: ISM, ISM: clouds, radio lines: ISM, stars: formation, Astrophysics - Astrophysics of Galaxies},
         year = 2014,
        month = may,
       volume = {786},
       number = {2},
          eid = {140},
        pages = {140},
          doi = {10.1088/0004-637X/786/2/140},
archivePrefix = {arXiv},
       eprint = {1403.0996},
 primaryClass = {astro-ph.GA},
       adsurl = {https://ui.adsabs.harvard.edu/abs/2014ApJ...786..140R},
      adsnote = {Provided by the SAO/NASA Astrophysics Data System}
}

@INPROCEEDINGS{Soderblom2014,
       author = {{Soderblom}, D.~R. and {Hillenbrand}, L.~A. and {Jeffries}, R.~D. and {Mamajek}, E.~E. and {Naylor}, T.},
        title = "{Ages of Young Stars}",
     keywords = {Astrophysics - Solar and Stellar Astrophysics},
    booktitle = {Protostars and Planets VI},
         year = 2014,
       editor = {{Beuther}, Henrik and {Klessen}, Ralf S. and {Dullemond}, Cornelis P. and {Henning}, Thomas},
        month = jan,
        pages = {219},
          doi = {10.2458/azu_uapress_9780816531240-ch010},
archivePrefix = {arXiv},
       eprint = {1311.7024},
 primaryClass = {astro-ph.SR},
       adsurl = {https://ui.adsabs.harvard.edu/abs/2014prpl.conf..219S},
      adsnote = {Provided by the SAO/NASA Astrophysics Data System}
}

@INPROCEEDINGS{Dunham2014,
       author = {{Dunham}, M.~M. and {Stutz}, A.~M. and {Allen}, L.~E. and {Evans}, N.~J., II and {Fischer}, W.~J. and {Megeath}, S.~T. and {Myers}, P.~C. and {Offner}, S.~S.~R. and {Poteet}, C.~A. and {Tobin}, J.~J. and {Vorobyov}, E.~I.},
        title = "{The Evolution of Protostars: Insights from Ten Years of Infrared Surveys with Spitzer and Herschel}",
     keywords = {Astrophysics - Astrophysics of Galaxies},
    booktitle = {Protostars and Planets VI},
         year = 2014,
       editor = {{Beuther}, Henrik and {Klessen}, Ralf S. and {Dullemond}, Cornelis P. and {Henning}, Thomas},
        month = jan,
        pages = {195},
          doi = {10.2458/azu_uapress_9780816531240-ch009},
archivePrefix = {arXiv},
       eprint = {1401.1809},
 primaryClass = {astro-ph.GA},
       adsurl = {https://ui.adsabs.harvard.edu/abs/2014prpl.conf..195D},
      adsnote = {Provided by the SAO/NASA Astrophysics Data System}
}

@ARTICLE{Kruijssen2013,
       author = {{Kruijssen}, J.~M. Diederik and {Longmore}, Steven N.},
        title = "{Comparing molecular gas across cosmic time-scales: the Milky Way as both a typical spiral galaxy and a high-redshift galaxy analogue}",
      journal = {\mnras},
     keywords = {stars: formation, Galaxy: centre, galaxies: ISM, galaxies: starburst, galaxies: star formation, Astrophysics - Cosmology and Nongalactic Astrophysics, Astrophysics - Astrophysics of Galaxies},
         year = 2013,
        month = nov,
       volume = {435},
       number = {3},
        pages = {2598-2603},
          doi = {10.1093/mnras/stt1634},
archivePrefix = {arXiv},
       eprint = {1309.0505},
 primaryClass = {astro-ph.CO},
       adsurl = {https://ui.adsabs.harvard.edu/abs/2013MNRAS.435.2598K},
      adsnote = {Provided by the SAO/NASA Astrophysics Data System}
}

@ARTICLE{Kendrew2013,
       author = {{Kendrew}, S. and {Ginsburg}, A. and {Johnston}, K. and {Beuther}, H. and {Bally}, J. and {Cyganowski}, C.~J. and {Battersby}, C.},
        title = "{Early-stage Massive Star Formation near the Galactic Center: Sgr C}",
      journal = {\apjl},
     keywords = {infrared: ISM, ISM: jets and outflows, stars: formation, Astrophysics - Astrophysics of Galaxies},
         year = 2013,
        month = oct,
       volume = {775},
       number = {2},
          eid = {L50},
        pages = {L50},
          doi = {10.1088/2041-8205/775/2/L50},
archivePrefix = {arXiv},
       eprint = {1309.0419},
 primaryClass = {astro-ph.GA},
       adsurl = {https://ui.adsabs.harvard.edu/abs/2013ApJ...775L..50K},
      adsnote = {Provided by the SAO/NASA Astrophysics Data System}
}

@ARTICLE{Longmore2013a,
       author = {{Longmore}, S.~N. and {Kruijssen}, J.~M.~D. and {Bally}, J. and {Ott}, J. and {Testi}, L. and {Rathborne}, J. and {Bastian}, N. and {Bressert}, E. and {Molinari}, S. and {Battersby}, C. and {Walsh}, A.~J.},
        title = "{Candidate super star cluster progenitor gas clouds possibly triggered by  close passage to Sgr a*.}",
      journal = {\mnras},
     keywords = {stars: early-type, stars: formation, ISM: clouds, ISM: evolution, Galaxy: centre, galaxies: star clusters: general, Astrophysics - Astrophysics of Galaxies},
         year = 2013,
        month = jun,
       volume = {433},
        pages = {L15-L19},
          doi = {10.1093/mnrasl/slt048},
archivePrefix = {arXiv},
       eprint = {1304.2397},
 primaryClass = {astro-ph.GA},
       adsurl = {https://ui.adsabs.harvard.edu/abs/2013MNRAS.433L..15L},
      adsnote = {Provided by the SAO/NASA Astrophysics Data System}
}

@ARTICLE{Brown2013,
       author = {{Brown}, J.~M. and {Pontoppidan}, K.~M. and {van Dishoeck}, E.~F. and {Herczeg}, G.~J. and {Blake}, G.~A. and {Smette}, A.},
        title = "{VLT-CRIRES Survey of Rovibrational CO Emission from Protoplanetary Disks}",
      journal = {\apj},
     keywords = {infrared: general, protoplanetary disks, stars: formation, stars: pre-main sequence, stars: protostars, Astrophysics - Solar and Stellar Astrophysics},
         year = 2013,
        month = jun,
       volume = {770},
       number = {2},
          eid = {94},
        pages = {94},
          doi = {10.1088/0004-637X/770/2/94},
archivePrefix = {arXiv},
       eprint = {1304.4961},
 primaryClass = {astro-ph.SR},
       adsurl = {https://ui.adsabs.harvard.edu/abs/2013ApJ...770...94B},
      adsnote = {Provided by the SAO/NASA Astrophysics Data System}
}

@ARTICLE{Stutz2013,
       author = {{Stutz}, Amelia M. and {Tobin}, John J. and {Stanke}, Thomas and {Megeath}, S. Thomas and {Fischer}, William J. and {Robitaille}, Thomas and {Henning}, Thomas and {Ali}, Babar and {di Francesco}, James and {Furlan}, Elise and {Hartmann}, Lee and {Osorio}, Mayra and {Wilson}, Thomas L. and {Allen}, Lori and {Krause}, Oliver and {Manoj}, P.},
        title = "{A Herschel and APEX Census of the Reddest Sources in Orion: Searching for the Youngest Protostars}",
      journal = {\apj},
     keywords = {ISM: clouds, stars: formation, stars: low-mass, stars: protostars, Astrophysics - Solar and Stellar Astrophysics},
         year = 2013,
        month = apr,
       volume = {767},
       number = {1},
          eid = {36},
        pages = {36},
          doi = {10.1088/0004-637X/767/1/36},
archivePrefix = {arXiv},
       eprint = {1302.1203},
 primaryClass = {astro-ph.SR},
       adsurl = {https://ui.adsabs.harvard.edu/abs/2013ApJ...767...36S},
      adsnote = {Provided by the SAO/NASA Astrophysics Data System}
}

@ARTICLE{Dunham2013,
       author = {{Dunham}, Michael M. and {Arce}, H{\'e}ctor G. and {Allen}, Lori E. and {Evans}, Neal J., II and {Broekhoven-Fiene}, Hannah and {Chapman}, Nicholas L. and {Cieza}, Lucas A. and {Gutermuth}, Robert A. and {Harvey}, Paul M. and {Hatchell}, Jennifer and {Huard}, Tracy L. and {Kirk}, Jason M. and {Matthews}, Brenda C. and {Mer{\'\i}n}, Bruno and {Miller}, Jennifer F. and {Peterson}, Dawn E. and {Spezzi}, Loredana},
        title = "{The Luminosities of Protostars in the Spitzer c2d and Gould Belt Legacy Clouds}",
      journal = {\aj},
     keywords = {stars: formation, stars: low-mass, stars: luminosity function, mass function, stars: protostars, Astrophysics - Astrophysics of Galaxies},
         year = 2013,
        month = apr,
       volume = {145},
       number = {4},
          eid = {94},
        pages = {94},
          doi = {10.1088/0004-6256/145/4/94},
archivePrefix = {arXiv},
       eprint = {1301.4416},
 primaryClass = {astro-ph.GA},
       adsurl = {https://ui.adsabs.harvard.edu/abs/2013AJ....145...94D},
      adsnote = {Provided by the SAO/NASA Astrophysics Data System}
}

@ARTICLE{Kauffmann2013,
       author = {{Kauffmann}, Jens and {Pillai}, Thushara and {Zhang}, Qizhou},
        title = "{The Galactic Center Cloud G0.253+0.016: A Massive Dense Cloud with low Star Formation Potential}",
      journal = {\apjl},
     keywords = {Galaxy: center, ISM: clouds, stars: formation, Astrophysics - Astrophysics of Galaxies},
         year = 2013,
        month = mar,
       volume = {765},
       number = {2},
          eid = {L35},
        pages = {L35},
          doi = {10.1088/2041-8205/765/2/L35},
archivePrefix = {arXiv},
       eprint = {1301.1338},
 primaryClass = {astro-ph.GA},
       adsurl = {https://ui.adsabs.harvard.edu/abs/2013ApJ...765L..35K},
      adsnote = {Provided by the SAO/NASA Astrophysics Data System}
}

@ARTICLE{Longmore2013b,
       author = {{Longmore}, S.~N. and {Bally}, J. and {Testi}, L. and {Purcell}, C.~R. and {Walsh}, A.~J. and {Bressert}, E. and {Pestalozzi}, M. and {Molinari}, S. and {Ott}, J. and {Cortese}, L. and {Battersby}, C. and {Murray}, N. and {Lee}, E. and {Kruijssen}, J.~M.~D. and {Schisano}, E. and {Elia}, D.},
        title = "{Variations in the Galactic star formation rate and density thresholds for star formation}",
      journal = {\mnras},
     keywords = {masers, stars: formation, stars: massive, ISM: clouds, ISM: evolution, Galaxy: centre, Astrophysics - Astrophysics of Galaxies, Astrophysics - Cosmology and Nongalactic Astrophysics},
         year = 2013,
        month = feb,
       volume = {429},
       number = {2},
        pages = {987-1000},
          doi = {10.1093/mnras/sts376},
archivePrefix = {arXiv},
       eprint = {1208.4256},
 primaryClass = {astro-ph.GA},
       adsurl = {https://ui.adsabs.harvard.edu/abs/2013MNRAS.429..987L},
      adsnote = {Provided by the SAO/NASA Astrophysics Data System}
}

@ARTICLE{Kruijssen2012,
       author = {{Kruijssen}, J.~M. Diederik},
        title = "{On the fraction of star formation occurring in bound stellar clusters}",
      journal = {\mnras},
     keywords = {stars: formation, galaxies: ISM, galaxies: starburst, galaxies: star clusters: general, galaxies: stellar content, Astrophysics - Cosmology and Nongalactic Astrophysics, Astrophysics - Astrophysics of Galaxies},
         year = 2012,
        month = nov,
       volume = {426},
       number = {4},
        pages = {3008-3040},
          doi = {10.1111/j.1365-2966.2012.21923.x},
archivePrefix = {arXiv},
       eprint = {1208.2963},
 primaryClass = {astro-ph.CO},
       adsurl = {https://ui.adsabs.harvard.edu/abs/2012MNRAS.426.3008K},
      adsnote = {Provided by the SAO/NASA Astrophysics Data System}
}

@ARTICLE{Lada2012,
       author = {{Lada}, Charles J. and {Forbrich}, Jan and {Lombardi}, Marco and {Alves}, Jo{\~a}o F.},
        title = "{Star Formation Rates in Molecular Clouds and the Nature of the Extragalactic Scaling Relations}",
      journal = {\apj},
     keywords = {galaxies: star formation, stars: formation, Astrophysics - Astrophysics of Galaxies, Astrophysics - Cosmology and Nongalactic Astrophysics},
         year = 2012,
        month = feb,
       volume = {745},
       number = {2},
          eid = {190},
        pages = {190},
          doi = {10.1088/0004-637X/745/2/190},
archivePrefix = {arXiv},
       eprint = {1112.4466},
 primaryClass = {astro-ph.GA},
       adsurl = {https://ui.adsabs.harvard.edu/abs/2012ApJ...745..190L},
      adsnote = {Provided by the SAO/NASA Astrophysics Data System}
}


@ARTICLE{Mills2011a,
       author = {{Mills}, E. and {Morris}, M.~R. and {Lang}, C.~C. and {Dong}, H. and {Wang}, Q.~D. and {Cotera}, A. and {Stolovy}, S.~R.},
        title = "{Properties of the Compact H II Region Complex G-0.02-0.07}",
      journal = {\apj},
     keywords = {dust, extinction, Galaxy: center, H II regions, Astrophysics - Astrophysics of Galaxies, Astrophysics - Solar and Stellar Astrophysics},
         year = 2011,
        month = jul,
       volume = {735},
       number = {2},
          eid = {84},
        pages = {84},
          doi = {10.1088/0004-637X/735/2/84},
archivePrefix = {arXiv},
       eprint = {1102.2533},
 primaryClass = {astro-ph.GA},
       adsurl = {https://ui.adsabs.harvard.edu/abs/2011ApJ...735...84M},
      adsnote = {Provided by the SAO/NASA Astrophysics Data System}
}

@ARTICLE{Molinari2011,
       author = {{Molinari}, S. and {Bally}, J. and {Noriega-Crespo}, A. and {Compi{\`e}gne}, M. and {Bernard}, J.~P. and {Paradis}, D. and {Martin}, P. and {Testi}, L. and {Barlow}, M. and {Moore}, T. and {Plume}, R. and {Swinyard}, B. and {Zavagno}, A. and {Calzoletti}, L. and {Di Giorgio}, A.~M. and {Elia}, D. and {Faustini}, F. and {Natoli}, P. and {Pestalozzi}, M. and {Pezzuto}, S. and {Piacentini}, F. and {Polenta}, G. and {Polychroni}, D. and {Schisano}, E. and {Traficante}, A. and {Veneziani}, M. and {Battersby}, C. and {Burton}, M. and {Carey}, S. and {Fukui}, Y. and {Li}, J.~Z. and {Lord}, S.~D. and {Morgan}, L. and {Motte}, F. and {Schuller}, F. and {Stringfellow}, G.~S. and {Tan}, J.~C. and {Thompson}, M.~A. and {Ward-Thompson}, D. and {White}, G. and {Umana}, G.},
        title = "{A 100 pc Elliptical and Twisted Ring of Cold and Dense Molecular Clouds Revealed by Herschel Around the Galactic Center}",
      journal = {\apjl},
     keywords = {Galaxy: center, ISM: clouds, stars: formation, Astrophysics - Astrophysics of Galaxies},
         year = 2011,
        month = jul,
       volume = {735},
       number = {2},
          eid = {L33},
        pages = {L33},
          doi = {10.1088/2041-8205/735/2/L33},
archivePrefix = {arXiv},
       eprint = {1105.5486},
 primaryClass = {astro-ph.GA},
       adsurl = {https://ui.adsabs.harvard.edu/abs/2011ApJ...735L..33M},
      adsnote = {Provided by the SAO/NASA Astrophysics Data System}
}

@INPROCEEDINGS{Mills2011b,
       author = {{Mills}, E. and {Morris}, M.~R. and {Lang}, C.~C. and {Cotera}, A. and {Dong}, H. and {Wang}, Q.~D. and {Stolovy}, S.},
        title = "{Extinction toward the Compact HII Regions G-0.02-0.07}",
     keywords = {Astrophysics - Galaxy Astrophysics},
    booktitle = {The Galactic Center: a Window to the Nuclear Environment of Disk Galaxies},
         year = 2011,
       editor = {{Morris}, M.~R. and {Wang}, Q.~D. and {Yuan}, F.},
       series = {Astronomical Society of the Pacific Conference Series},
       volume = {439},
        month = may,
        pages = {125},
archivePrefix = {arXiv},
       eprint = {1002.1115},
 primaryClass = {astro-ph.GA},
       adsurl = {https://ui.adsabs.harvard.edu/abs/2011ASPC..439..125M},
      adsnote = {Provided by the SAO/NASA Astrophysics Data System}
}

@BOOK{Draine2011,
       author = {{Draine}, Bruce T.},
        title = "{Physics of the Interstellar and Intergalactic Medium}",
         year = 2011,
       adsurl = {https://ui.adsabs.harvard.edu/abs/2011piim.book.....D},
      adsnote = {Provided by the SAO/NASA Astrophysics Data System}
}

@ARTICLE{Lada2010,
       author = {{Lada}, Charles J. and {Lombardi}, Marco and {Alves}, Jo{\~a}o F.},
        title = "{On the Star Formation Rates in Molecular Clouds}",
      journal = {\apj},
     keywords = {dust, extinction, ISM: clouds, stars: formation, Astrophysics - Astrophysics of Galaxies},
         year = 2010,
        month = nov,
       volume = {724},
       number = {1},
        pages = {687-693},
          doi = {10.1088/0004-637X/724/1/687},
archivePrefix = {arXiv},
       eprint = {1009.2985},
 primaryClass = {astro-ph.GA},
       adsurl = {https://ui.adsabs.harvard.edu/abs/2010ApJ...724..687L},
      adsnote = {Provided by the SAO/NASA Astrophysics Data System}
}

@ARTICLE{Wang2010,
       author = {{Wang}, Q.~D. and {Dong}, H. and {Cotera}, A. and {Stolovy}, S. and {Morris}, M. and {Lang}, C.~C. and {Muno}, M.~P. and {Schneider}, G. and {Calzetti}, D.},
        title = "{HST/NICMOS Paschen-{\ensuremath{\alpha}} Survey of the Galactic Centre: Overview}",
      journal = {\mnras},
     keywords = {circumstellar matter, stars: formation, Galaxy: centre, infrared: stars, Astrophysics - Astrophysics of Galaxies, Astrophysics - High Energy Astrophysical Phenomena},
         year = 2010,
        month = feb,
       volume = {402},
       number = {2},
        pages = {895-902},
          doi = {10.1111/j.1365-2966.2009.15973.x},
archivePrefix = {arXiv},
       eprint = {0911.2226},
 primaryClass = {astro-ph.GA},
       adsurl = {https://ui.adsabs.harvard.edu/abs/2010MNRAS.402..895W},
      adsnote = {Provided by the SAO/NASA Astrophysics Data System}
}

@ARTICLE{Law2010,
       author = {{Law}, C.~J.},
        title = "{A Multiwavelength View of a Mass Outflow from the Galactic Center}",
      journal = {\apj},
     keywords = {Galaxy: center, galaxies: starburst, galaxies: nuclei, infrared: galaxies, radio continuum: galaxies, Astrophysics - Astrophysics of Galaxies},
         year = 2010,
        month = jan,
       volume = {708},
       number = {1},
        pages = {474-484},
          doi = {10.1088/0004-637X/708/1/474},
archivePrefix = {arXiv},
       eprint = {0911.2061},
 primaryClass = {astro-ph.GA},
       adsurl = {https://ui.adsabs.harvard.edu/abs/2010ApJ...708..474L},
      adsnote = {Provided by the SAO/NASA Astrophysics Data System}
}

@ARTICLE{Yusef-Zadeh2009,
       author = {{Yusef-Zadeh}, F. and {Hewitt}, J.~W. and {Arendt}, R.~G. and {Whitney}, B. and {Rieke}, G. and {Wardle}, M. and {Hinz}, J.~L. and {Stolovy}, S. and {Lang}, C.~C. and {Burton}, M.~G. and {Ramirez}, S.},
        title = "{Star Formation in the Central 400 pc of the Milky Way: Evidence for a Population of Massive Young Stellar Objects}",
      journal = {\apj},
     keywords = {galaxies: starburst, Galaxy: center, ISM: clouds, masers, stars: formation, Astrophysics - Galaxy Astrophysics},
         year = 2009,
        month = sep,
       volume = {702},
       number = {1},
        pages = {178-225},
          doi = {10.1088/0004-637X/702/1/178},
archivePrefix = {arXiv},
       eprint = {0905.2161},
 primaryClass = {astro-ph.GA},
       adsurl = {https://ui.adsabs.harvard.edu/abs/2009ApJ...702..178Y},
      adsnote = {Provided by the SAO/NASA Astrophysics Data System}
}

@ARTICLE{Evans2009,
       author = {{Evans}, Neal J., II and {Dunham}, Michael M. and {J{\o}rgensen}, Jes K. and {Enoch}, Melissa L. and {Mer{\'\i}n}, Bruno and {van Dishoeck}, Ewine F. and {Alcal{\'a}}, Juan M. and {Myers}, Philip C. and {Stapelfeldt}, Karl R. and {Huard}, Tracy L. and {Allen}, Lori E. and {Harvey}, Paul M. and {van Kempen}, Tim and {Blake}, Geoffrey A. and {Koerner}, David W. and {Mundy}, Lee G. and {Padgett}, Deborah L. and {Sargent}, Anneila I.},
        title = "{The Spitzer c2d Legacy Results: Star-Formation Rates and Efficiencies; Evolution and Lifetimes}",
      journal = {\apjs},
     keywords = {dust, extinction, infrared: stars, ISM: clouds, stars: formation, Astrophysics},
         year = 2009,
        month = apr,
       volume = {181},
       number = {2},
        pages = {321-350},
          doi = {10.1088/0067-0049/181/2/321},
archivePrefix = {arXiv},
       eprint = {0811.1059},
 primaryClass = {astro-ph},
       adsurl = {https://ui.adsabs.harvard.edu/abs/2009ApJS..181..321E},
      adsnote = {Provided by the SAO/NASA Astrophysics Data System}
}

@ARTICLE{Lombardi2009,
       author = {{Lombardi}, M.},
        title = "{NICEST, a near-infrared color excess method tailored to small-scale structures}",
      journal = {\aap},
     keywords = {dust, extinction, methods: statistical, ISM: clouds, infrared: ISM, ISM: structure, ISM: individual objects: Pipe molecular complex, Astrophysics},
         year = 2009,
        month = jan,
       volume = {493},
       number = {2},
        pages = {735-745},
          doi = {10.1051/0004-6361:200810519},
archivePrefix = {arXiv},
       eprint = {0809.3383},
 primaryClass = {astro-ph},
       adsurl = {https://ui.adsabs.harvard.edu/abs/2009A&A...493..735L},
      adsnote = {Provided by the SAO/NASA Astrophysics Data System}
}

@ARTICLE{Robitaille2007,
       author = {{Robitaille}, Thomas P. and {Whitney}, Barbara A. and {Indebetouw}, Remy and {Wood}, Kenneth},
        title = "{Interpreting Spectral Energy Distributions from Young Stellar Objects. II. Fitting Observed SEDs Using a Large Grid of Precomputed Models}",
      journal = {\apjs},
     keywords = {Stars: Circumstellar Matter, Infrared: Stars, Radiative Transfer, Stars: Formation, Stars: Pre-Main-Sequence, Astrophysics},
         year = 2007,
        month = apr,
       volume = {169},
       number = {2},
        pages = {328-352},
          doi = {10.1086/512039},
archivePrefix = {arXiv},
       eprint = {astro-ph/0612690},
 primaryClass = {astro-ph},
       adsurl = {https://ui.adsabs.harvard.edu/abs/2007ApJS..169..328R},
      adsnote = {Provided by the SAO/NASA Astrophysics Data System}
}

@ARTICLE{Robitaille2006,
       author = {{Robitaille}, Thomas P. and {Whitney}, Barbara A. and {Indebetouw}, Remy and {Wood}, Kenneth and {Denzmore}, Pia},
        title = "{Interpreting Spectral Energy Distributions from Young Stellar Objects. I. A Grid of 200,000 YSO Model SEDs}",
      journal = {\apjs},
     keywords = {Astronomical Data Bases: Miscellaneous, Stars: Circumstellar Matter, Infrared: Stars, Polarization, Radiative Transfer, Stars: Formation, Stars: Pre-Main-Sequence, Astrophysics},
         year = 2006,
        month = dec,
       volume = {167},
       number = {2},
        pages = {256-285},
          doi = {10.1086/508424},
archivePrefix = {arXiv},
       eprint = {astro-ph/0608234},
 primaryClass = {astro-ph},
       adsurl = {https://ui.adsabs.harvard.edu/abs/2006ApJS..167..256R},
      adsnote = {Provided by the SAO/NASA Astrophysics Data System}
}

@ARTICLE{Lombardi2006,
       author = {{Lombardi}, M. and {Alves}, J. and {Lada}, C.~J.},
        title = "{2MASS wide field extinction maps. I. The Pipe nebula}",
      journal = {\aap},
     keywords = {ISM: clouds, ISM: dust, extinction, ISM: structure, ISM:, individual objects: Pipe molecular complex, methods: data analysis, Astrophysics},
         year = 2006,
        month = aug,
       volume = {454},
       number = {3},
        pages = {781-796},
          doi = {10.1051/0004-6361:20042474},
archivePrefix = {arXiv},
       eprint = {astro-ph/0606670},
 primaryClass = {astro-ph},
       adsurl = {https://ui.adsabs.harvard.edu/abs/2006A&A...454..781L},
      adsnote = {Provided by the SAO/NASA Astrophysics Data System}
}

@ARTICLE{Lombardi2005,
       author = {{Lombardi}, M.},
        title = "{Optimal column density measurements from multiband near-infrared observations}",
      journal = {\aap},
     keywords = {dust, extinction, methods: statistical, ISM: clouds, infrared: ISM, stars: formation, Astrophysics},
         year = 2005,
        month = jul,
       volume = {438},
       number = {1},
        pages = {169-185},
          doi = {10.1051/0004-6361:20042267},
archivePrefix = {arXiv},
       eprint = {astro-ph/0504322},
 primaryClass = {astro-ph},
       adsurl = {https://ui.adsabs.harvard.edu/abs/2005A&A...438..169L},
      adsnote = {Provided by the SAO/NASA Astrophysics Data System}
}

@ARTICLE{Indebetouw2005,
       author = {{Indebetouw}, R. and {Mathis}, J.~S. and {Babler}, B.~L. and {Meade}, M.~R. and {Watson}, C. and {Whitney}, B.~A. and {Wolff}, M.~J. and {Wolfire}, M.~G. and {Cohen}, M. and {Bania}, T.~M. and {Benjamin}, R.~A. and {Clemens}, D.~P. and {Dickey}, J.~M. and {Jackson}, J.~M. and {Kobulnicky}, H.~A. and {Marston}, A.~P. and {Mercer}, E.~P. and {Stauffer}, J.~R. and {Stolovy}, S.~R. and {Churchwell}, E.},
        title = "{The Wavelength Dependence of Interstellar Extinction from 1.25 to 8.0 {\ensuremath{\mu}}m Using GLIMPSE Data}",
      journal = {\apj},
     keywords = {ISM: Dust, Extinction, Infrared: ISM, Astrophysics},
         year = 2005,
        month = feb,
       volume = {619},
       number = {2},
        pages = {931-938},
          doi = {10.1086/426679},
archivePrefix = {arXiv},
       eprint = {astro-ph/0406403},
 primaryClass = {astro-ph},
       adsurl = {https://ui.adsabs.harvard.edu/abs/2005ApJ...619..931I},
      adsnote = {Provided by the SAO/NASA Astrophysics Data System}
}


@ARTICLE{Calvet1991,
       author = {{Calvet}, Nuria and {Patino}, Alberto and {Magris}, Gladis C. and {D'Alessio}, Paola},
        title = "{Irradiation of Accretion Disks around Young Objects. I. Near-Infrared CO Bands}",
      journal = {\apj},
     keywords = {Accretion Disks, Carbon Monoxide, Near Infrared Radiation, Radiative Transfer, Stellar Atmospheres, A Stars, B Stars, Computational Astrophysics, Stellar Mass Accretion, Stellar Temperature, T Tauri Stars, Astrophysics, RADIATIVE TRANSFER, STARS: ACCRETION, STARS: PRE--MAIN-SEQUENCE},
         year = 1991,
        month = oct,
       volume = {380},
        pages = {617},
          doi = {10.1086/170618},
       adsurl = {https://ui.adsabs.harvard.edu/abs/1991ApJ...380..617C},
      adsnote = {Provided by the SAO/NASA Astrophysics Data System}
}

@ARTICLE{Cardelli1989,
       author = {{Cardelli}, Jason A. and {Clayton}, Geoffrey C. and {Mathis}, John S.},
        title = "{The Relationship between Infrared, Optical, and Ultraviolet Extinction}",
      journal = {\apj},
     keywords = {Infrared Spectra, Interstellar Extinction, Ultraviolet Spectra, Visible Spectrum, Computational Astrophysics, Interstellar Matter, Iue, Astrophysics, INTERSTELLAR: MATTER, ULTRAVIOLET: SPECTRA},
         year = 1989,
        month = oct,
       volume = {345},
        pages = {245},
          doi = {10.1086/167900},
       adsurl = {https://ui.adsabs.harvard.edu/abs/1989ApJ...345..245C},
      adsnote = {Provided by the SAO/NASA Astrophysics Data System}
}

@ARTICLE{Bohlin1978,
       author = {{Bohlin}, R.~C. and {Savage}, B.~D. and {Drake}, J.~F.},
        title = "{A survey of interstellar H I from Lalpha absorption measurements. II.}",
      journal = {\apj},
     keywords = {Hydrogen Clouds, Interstellar Gas, Lyman Alpha Radiation, Molecular Absorption, Ultraviolet Spectra, Abundance, Hydrogen Atoms, Interstellar Extinction, Neutral Particles, Oao 2, Satellite Observation, Astrophysics, Interstellar Matter:Molecules, Interstellar Matter:Neutral Hydrogen},
         year = 1978,
        month = aug,
       volume = {224},
        pages = {132-142},
          doi = {10.1086/156357},
       adsurl = {https://ui.adsabs.harvard.edu/abs/1978ApJ...224..132B},
      adsnote = {Provided by the SAO/NASA Astrophysics Data System}
}


@ARTICLE{Geballe2021,
       author = {{Geballe}, T.~R. and {Pendleton}, Yvonne and {Chiar}, Jean and {Tielens}, Alexander G.~G.~M.},
        title = "{The Interstellar Medium toward the Galactic Center Source 2MASS J17470898-2829561}",
      journal = {\apj},
     keywords = {Interstellar dust extinction, Interstellar clouds, Infrared astronomy, Interstellar line absorption, Interstellar molecules, Dense interstellar clouds, Diffuse interstellar clouds, Galactic center, High resolution spectroscopy, OH/IR stars, 837, 834, 786, 843, 849, 371, 380, 565, 2096, 1156, Astrophysics - Astrophysics of Galaxies},
         year = 2021,
        month = may,
       volume = {912},
       number = {1},
          eid = {47},
        pages = {47},
          doi = {10.3847/1538-4357/abee12},
archivePrefix = {arXiv},
       eprint = {2103.06514},
 primaryClass = {astro-ph.GA},
       adsurl = {https://ui.adsabs.harvard.edu/abs/2021ApJ...912...47G},
      adsnote = {Provided by the SAO/NASA Astrophysics Data System}
}

@ARTICLE{Moultaka2019,
       author = {{Moultaka}, J. and {Eckart}, A. and {Tikare}, K. and {Bajat}, A.},
        title = "{High-spectral resolution M-band observations of CO Rot-Vib absorption lines towards the Galactic center}",
      journal = {\aap},
     keywords = {Galaxy: center, galaxies: nuclei, infrared: ISM, Astrophysics - Astrophysics of Galaxies},
         year = 2019,
        month = jun,
       volume = {626},
          eid = {A44},
        pages = {A44},
          doi = {10.1051/0004-6361/201935102},
archivePrefix = {arXiv},
       eprint = {1905.03734},
 primaryClass = {astro-ph.GA},
       adsurl = {https://ui.adsabs.harvard.edu/abs/2019A&A...626A..44M},
      adsnote = {Provided by the SAO/NASA Astrophysics Data System}
}

@ARTICLE{An2017,
       author = {{An}, Deokkeun and {Sellgren}, Kris and {Boogert}, A.~C. Adwin and {Ram{\'\i}rez}, Solange V. and {Pyo}, Tae-Soo},
        title = "{Abundant Methanol Ice toward a Massive Young Stellar Object in the Central Molecular Zone}",
      journal = {\apjl},
     keywords = {astrochemistry, Galaxy: nucleus, ISM: abundances, stars: massive, stars: protostars, Astrophysics - Astrophysics of Galaxies},
         year = 2017,
        month = jul,
       volume = {843},
       number = {2},
          eid = {L36},
        pages = {L36},
          doi = {10.3847/2041-8213/aa7cfe},
archivePrefix = {arXiv},
       eprint = {1707.03120},
 primaryClass = {astro-ph.GA},
       adsurl = {https://ui.adsabs.harvard.edu/abs/2017ApJ...843L..36A},
      adsnote = {Provided by the SAO/NASA Astrophysics Data System}
}

@ARTICLE{Moultaka2015a,
       author = {{Moultaka}, J. and {Eckart}, A. and {Mu{\v{z}}i{\'c}}, K.},
        title = "{``Ice Cubes'' in the Center of the Milky Way: Water-ice and Hydrocarbons in the Central Parsec}",
      journal = {\apj},
     keywords = {galaxies: nuclei, Galaxy: center, infrared: ISM, Astrophysics - Astrophysics of Galaxies},
         year = 2015,
        month = jun,
       volume = {806},
       number = {2},
          eid = {202},
        pages = {202},
          doi = {10.1088/0004-637X/806/2/202},
archivePrefix = {arXiv},
       eprint = {1506.01918},
 primaryClass = {astro-ph.GA},
       adsurl = {https://ui.adsabs.harvard.edu/abs/2015ApJ...806..202M},
      adsnote = {Provided by the SAO/NASA Astrophysics Data System}
}

@ARTICLE{Moultaka2015b,
       author = {{Moultaka}, J. and {Eckart}, A. and {Sabha}, N.},
        title = "{Ices in the Galactic Centre: solid ice and gaseous CO in the central parsec$^{★}$}",
      journal = {\mnras},
     keywords = {Galaxy: centre, galaxies: nuclei, infrared: ISM, Astrophysics - Astrophysics of Galaxies},
         year = 2015,
        month = apr,
       volume = {448},
       number = {4},
        pages = {3363-3373},
          doi = {10.1093/mnras/stv222},
archivePrefix = {arXiv},
       eprint = {1504.06162},
 primaryClass = {astro-ph.GA},
       adsurl = {https://ui.adsabs.harvard.edu/abs/2015MNRAS.448.3363M},
      adsnote = {Provided by the SAO/NASA Astrophysics Data System}
}


@ARTICLE{Jones2012,
       author = {{Jones}, P.~A. and {Burton}, M.~G. and {Cunningham}, M.~R. and {Requena-Torres}, M.~A. and {Menten}, K.~M. and {Schilke}, P. and {Belloche}, A. and {Leurini}, S. and {Mart{\'\i}n-Pintado}, J. and {Ott}, J. and {Walsh}, A.~J.},
        title = "{Spectral imaging of the Central Molecular Zone in multiple 3-mm molecular lines}",
      journal = {\mnras},
     keywords = {ISM: kinematics and dynamics, ISM: molecules, radio lines: ISM, Astrophysics - Astrophysics of Galaxies},
         year = 2012,
        month = feb,
       volume = {419},
       number = {4},
        pages = {2961-2986},
          doi = {10.1111/j.1365-2966.2011.19941.x},
archivePrefix = {arXiv},
       eprint = {1110.1421},
 primaryClass = {astro-ph.GA},
       adsurl = {https://ui.adsabs.harvard.edu/abs/2012MNRAS.419.2961J},
      adsnote = {Provided by the SAO/NASA Astrophysics Data System}
}


@ARTICLE{Petkova2021,
       author = {{Petkova}, Maya A. and {Kruijssen}, J.~M. Diederik and {Kluge}, A. Louise and {Glover}, Simon C.~O. and {Walker}, Daniel L. and {Longmore}, Steven N. and {Henshaw}, Jonathan D. and {Reissl}, Stefan and {Dale}, James E.},
        title = "{The complex multi-scale structure in simulated and observed emission maps of the proto-cluster cloud G0.253+0.016 (`the Brick')}",
      journal = {arXiv e-prints},
     keywords = {Astrophysics - Astrophysics of Galaxies},
         year = 2021,
        month = apr,
          eid = {arXiv:2104.09558},
        pages = {arXiv:2104.09558},
archivePrefix = {arXiv},
       eprint = {2104.09558},
 primaryClass = {astro-ph.GA},
       adsurl = {https://ui.adsabs.harvard.edu/abs/2021arXiv210409558P},
      adsnote = {Provided by the SAO/NASA Astrophysics Data System}
}

@ARTICLE{Petkova2019,
       author = {{Petkova}, Maya A. and {Kruijssen}, J.~M. Diederik},
        title = "{Gas flows in galactic centre environments: cloud evolution and star formation in the Central Molecular Zone}",
      journal = {arXiv e-prints},
     keywords = {Astrophysics - Astrophysics of Galaxies},
         year = 2019,
        month = dec,
          eid = {arXiv:1912.02212},
        pages = {arXiv:1912.02212},
archivePrefix = {arXiv},
       eprint = {1912.02212},
 primaryClass = {astro-ph.GA},
       adsurl = {https://ui.adsabs.harvard.edu/abs/2019arXiv191202212P},
      adsnote = {Provided by the SAO/NASA Astrophysics Data System}
}


@ARTICLE{Boogert2022,
       author = {{Boogert}, A.~C.~A. and {Brewer}, K. and {Brittain}, A. and {Emerson}, K.~S.},
        title = "{Survey of Ices toward Massive Young Stellar Objects. I. OCS, CO, OCN$^{-}$, and CH$_{3}$OH}",
      journal = {\apj},
     keywords = {Astrochemistry, Chemical abundances, 75, 224},
         year = 2022,
        month = dec,
       volume = {941},
       number = {1},
          eid = {32},
        pages = {32},
          doi = {10.3847/1538-4357/ac9b4a},
       adsurl = {https://ui.adsabs.harvard.edu/abs/2022ApJ...941...32B},
      adsnote = {Provided by the SAO/NASA Astrophysics Data System}
}

@ARTICLE{Boogert2015,
       author = {{Boogert}, A.~C. Adwin and {Gerakines}, Perry A. and {Whittet}, Douglas C.~B.},
        title = "{Observations of the icy universe.}",
      journal = {\araa},
     keywords = {Astrophysics - Astrophysics of Galaxies, Astrophysics - Earth and Planetary Astrophysics, Astrophysics - Solar and Stellar Astrophysics},
         year = 2015,
        month = aug,
       volume = {53},
        pages = {541-581},
          doi = {10.1146/annurev-astro-082214-122348},
archivePrefix = {arXiv},
       eprint = {1501.05317},
 primaryClass = {astro-ph.GA},
       adsurl = {https://ui.adsabs.harvard.edu/abs/2015ARA&A..53..541B},
      adsnote = {Provided by the SAO/NASA Astrophysics Data System}
}


@ARTICLE{Clark2013,
       author = {{Clark}, Paul C. and {Glover}, Simon C.~O. and {Ragan}, Sarah E. and {Shetty}, Rahul and {Klessen}, Ralf S.},
        title = "{On the Temperature Structure of the Galactic Center Cloud G0.253+0.016}",
      journal = {\apjl},
     keywords = {cosmic rays, evolution, Galaxy: center, ISM: molecules, Astrophysics - Astrophysics of Galaxies},
         year = 2013,
        month = may,
       volume = {768},
       number = {2},
          eid = {L34},
        pages = {L34},
          doi = {10.1088/2041-8205/768/2/L34},
archivePrefix = {arXiv},
       eprint = {1303.1978},
 primaryClass = {astro-ph.GA},
       adsurl = {https://ui.adsabs.harvard.edu/abs/2013ApJ...768L..34C},
      adsnote = {Provided by the SAO/NASA Astrophysics Data System}
}


@ARTICLE{Rivilla2022,
       author = {{Rivilla}, V{\'\i}ctor M. and {Jim{\'e}nez-Serra}, Izaskun and {Mart{\'\i}n-Pintado}, Jes{\'u}s and {Colzi}, Laura and {Tercero}, Bel{\'e}n and {de Vicente}, Pablo and {Zeng}, Shaoshan and {Mart{\'\i}n}, Sergio and {Garc{\'\i}a de la Concepci{\'o}n}, Juan and {Bizzocchi}, Luca and {Melosso}, Mattia and {Rico-Villas}, Fernando and {Requena-Torres}, Miguel A.},
        title = "{Molecular Precursors of the RNA-World in Space: New Nitriles in the G+0.693{\ensuremath{-}}0.027 Molecular Cloud}",
      journal = {Frontiers in Astronomy and Space Sciences},
     keywords = {Astrophysics - Astrophysics of Galaxies, Astrophysics - Earth and Planetary Astrophysics},
         year = 2022,
        month = jul,
       volume = {9},
          eid = {876870},
        pages = {876870},
          doi = {10.3389/fspas.2022.876870},
archivePrefix = {arXiv},
       eprint = {2206.01053},
 primaryClass = {astro-ph.GA},
       adsurl = {https://ui.adsabs.harvard.edu/abs/2022FrASS...9.6870R},
      adsnote = {Provided by the SAO/NASA Astrophysics Data System}
}

@ARTICLE{Rodriguez-Almeida2021,
       author = {{Rodr{\'\i}guez-Almeida}, L.~F. and {Rivilla}, V.~M. and {Jim{\'e}nez-Serra}, I. and {Melosso}, M. and {Colzi}, L. and {Zeng}, S. and {Tercero}, B. and {de Vicente}, P. and {Mart{\'\i}n}, S. and {Requena-Torres}, M.~A. and {Rico-Villas}, F. and {Mart{\'\i}n-Pintado}, J.},
        title = "{First detection of C$_{2}$H$_{5}$NCO in the ISM and search of other isocyanates towards the G+0.693-0.027 molecular cloud}",
      journal = {\aap},
     keywords = {astrochemistry, ISM: molecules, line: identification, Astrophysics - Astrophysics of Galaxies},
         year = 2021,
        month = oct,
       volume = {654},
          eid = {L1},
        pages = {L1},
          doi = {10.1051/0004-6361/202141989},
archivePrefix = {arXiv},
       eprint = {2109.07889},
 primaryClass = {astro-ph.GA},
       adsurl = {https://ui.adsabs.harvard.edu/abs/2021A&A...654L...1R},
      adsnote = {Provided by the SAO/NASA Astrophysics Data System}
}


@ARTICLE{Martin2021,
       author = {{Mart{\'\i}n}, S. and {Mangum}, J.~G. and {Harada}, N. and {Costagliola}, F. and {Sakamoto}, K. and {Muller}, S. and {Aladro}, R. and {Tanaka}, K. and {Yoshimura}, Y. and {Nakanishi}, K. and {Herrero-Illana}, R. and {M{\"u}hle}, S. and {Aalto}, S. and {Behrens}, E. and {Colzi}, L. and {Emig}, K.~L. and {Fuller}, G.~A. and {Garc{\'\i}a-Burillo}, S. and {Greve}, T.~R. and {Henkel}, C. and {Holdship}, J. and {Humire}, P. and {Hunt}, L. and {Izumi}, T. and {Kohno}, K. and {K{\"o}nig}, S. and {Meier}, D.~S. and {Nakajima}, T. and {Nishimura}, Y. and {Padovani}, M. and {Rivilla}, V.~M. and {Takano}, S. and {van der Werf}, P.~P. and {Viti}, S. and {Yan}, Y.~T.},
        title = "{ALCHEMI, an ALMA Comprehensive High-resolution Extragalactic Molecular Inventory. Survey presentation and first results from the ACA array}",
      journal = {\aap},
     keywords = {line: identification, galaxies: ISM, galaxies: individual: NGC 253, galaxies: starburst, ISM: molecules, submillimeter: ISM, Astrophysics - Astrophysics of Galaxies},
         year = 2021,
        month = dec,
       volume = {656},
          eid = {A46},
        pages = {A46},
          doi = {10.1051/0004-6361/202141567},
archivePrefix = {arXiv},
       eprint = {2109.08638},
 primaryClass = {astro-ph.GA},
       adsurl = {https://ui.adsabs.harvard.edu/abs/2021A&A...656A..46M},
      adsnote = {Provided by the SAO/NASA Astrophysics Data System}
}


@ARTICLE{Li2015,
       author = {{Li}, Gang and {Gordon}, Iouli E. and {Rothman}, Laurence S. and {Tan}, Yan and {Hu}, Shui-Ming and {Kassi}, Samir and {Campargue}, Alain and {Medvedev}, Emile S.},
        title = "{Rovibrational Line Lists for Nine Isotopologues of the CO Molecule in the X $^{1}${\ensuremath{\Sigma}}$^{+}$ Ground Electronic State}",
      journal = {\apjs},
     keywords = {astronomical databases: miscellaneous, catalogs, methods: laboratory: molecular, molecular data, planets and satellites: atmospheres, stars: atmospheres},
         year = 2015,
        month = jan,
       volume = {216},
       number = {1},
          eid = {15},
        pages = {15},
          doi = {10.1088/0067-0049/216/1/15},
       adsurl = {https://ui.adsabs.harvard.edu/abs/2015ApJS..216...15L},
      adsnote = {Provided by the SAO/NASA Astrophysics Data System}
}

@ARTICLE{Yurchenko2018,
       author = {{Yurchenko}, Sergei N. and {Al-Refaie}, Ahmed F. and {Tennyson}, Jonathan},
        title = "{EXOCROSS: a general program for generating spectra from molecular line lists}",
      journal = {\aap},
     keywords = {molecular data, stars: abundances, stars: atmospheres, line: profiles, infrared: planetary systems, infrared: stars, Astrophysics - Earth and Planetary Astrophysics, Astrophysics - Solar and Stellar Astrophysics, Physics - Atmospheric and Oceanic Physics},
         year = 2018,
        month = jun,
       volume = {614},
          eid = {A131},
        pages = {A131},
          doi = {10.1051/0004-6361/201732531},
archivePrefix = {arXiv},
       eprint = {1801.09803},
 primaryClass = {astro-ph.EP},
       adsurl = {https://ui.adsabs.harvard.edu/abs/2018A&A...614A.131Y},
      adsnote = {Provided by the SAO/NASA Astrophysics Data System}
}


@ARTICLE{Tennyson2016,
       author = {{Tennyson}, Jonathan and {Yurchenko}, Sergei N. and {Al-Refaie}, Ahmed F. and {Barton}, Emma J. and {Chubb}, Katy L. and {Coles}, Phillip A. and {Diamantopoulou}, S. and {Gorman}, Maire N. and {Hill}, Christian and {Lam}, Aden Z. and {Lodi}, Lorenzo and {McKemmish}, Laura K. and {Na}, Yueqi and {Owens}, Alec and {Polyansky}, Oleg L. and {Rivlin}, Tom and {Sousa-Silva}, Clara and {Underwood}, Daniel S. and {Yachmenev}, Andrey and {Zak}, Emil},
        title = "{The ExoMol database: Molecular line lists for exoplanet and other hot atmospheres}",
      journal = {Journal of Molecular Spectroscopy},
     keywords = {Infrared, Visible, Einstein A coefficients, Transition frequencies, Partition functions, Cooling functions, Lifetimes, Cross sections, k coefficients, Land{\'e} g-factors, Astrophysics - Astrophysics of Galaxies, Physics - Chemical Physics},
         year = 2016,
        month = sep,
       volume = {327},
        pages = {73-94},
          doi = {10.1016/j.jms.2016.05.002},
archivePrefix = {arXiv},
       eprint = {1603.05890},
 primaryClass = {astro-ph.GA},
       adsurl = {https://ui.adsabs.harvard.edu/abs/2016JMoSp.327...73T},
      adsnote = {Provided by the SAO/NASA Astrophysics Data System}
}


@ARTICLE{Ginsburg2022,
       author = {{Ginsburg}, Adam and {Sokolov}, Vlas and {de Val-Borro}, Miguel and {Rosolowsky}, Erik and {Pineda}, Jaime E. and {Sip{\H{o}}cz}, Brigitta M. and {Henshaw}, Jonathan D.},
        title = "{Pyspeckit: A Spectroscopic Analysis and Plotting Package}",
      journal = {\aj},
     keywords = {Astronomy software, Spectroscopy, 1855, 1558, Astrophysics - Instrumentation and Methods for Astrophysics, Astrophysics - Astrophysics of Galaxies},
         year = 2022,
        month = jun,
       volume = {163},
       number = {6},
          eid = {291},
        pages = {291},
          doi = {10.3847/1538-3881/ac695a},
archivePrefix = {arXiv},
       eprint = {2205.04987},
 primaryClass = {astro-ph.IM},
       adsurl = {https://ui.adsabs.harvard.edu/abs/2022AJ....163..291G},
      adsnote = {Provided by the SAO/NASA Astrophysics Data System}
}



@ARTICLE{Geballe2021,
       author = {{Geballe}, T.~R. and {Pendleton}, Yvonne and {Chiar}, Jean and {Tielens}, Alexander G.~G.~M.},
        title = "{The Interstellar Medium toward the Galactic Center Source 2MASS J17470898-2829561}",
      journal = {\apj},
     keywords = {Interstellar dust extinction, Interstellar clouds, Infrared astronomy, Interstellar line absorption, Interstellar molecules, Dense interstellar clouds, Diffuse interstellar clouds, Galactic center, High resolution spectroscopy, OH/IR stars, 837, 834, 786, 843, 849, 371, 380, 565, 2096, 1156, Astrophysics - Astrophysics of Galaxies},
         year = 2021,
        month = may,
       volume = {912},
       number = {1},
          eid = {47},
        pages = {47},
          doi = {10.3847/1538-4357/abee12},
archivePrefix = {arXiv},
       eprint = {2103.06514},
 primaryClass = {astro-ph.GA},
       adsurl = {https://ui.adsabs.harvard.edu/abs/2021ApJ...912...47G},
      adsnote = {Provided by the SAO/NASA Astrophysics Data System}
}

@ARTICLE{Chiar2021,
       author = {{Chiar}, J.~E. and {de Barros}, A.~L.~F. and {Mattioda}, A.~L. and {Ricca}, A.},
        title = "{Assessment of the Presence of PAHs and Hydrogenated PAHs in the Young Stellar Object Mon R2 and the Taurus Dense Cloud Toward Elias 16}",
      journal = {\apj},
     keywords = {Astrochemistry, 75},
         year = 2021,
        month = feb,
       volume = {908},
       number = {2},
          eid = {239},
        pages = {239},
          doi = {10.3847/1538-4357/abd6e8},
       adsurl = {https://ui.adsabs.harvard.edu/abs/2021ApJ...908..239C},
      adsnote = {Provided by the SAO/NASA Astrophysics Data System}
}

@ARTICLE{Moultaka2019,
       author = {{Moultaka}, J. and {Eckart}, A. and {Tikare}, K. and {Bajat}, A.},
        title = "{High-spectral resolution M-band observations of CO Rot-Vib absorption lines towards the Galactic center}",
      journal = {\aap},
     keywords = {Galaxy: center, galaxies: nuclei, infrared: ISM, Astrophysics - Astrophysics of Galaxies},
         year = 2019,
        month = jun,
       volume = {626},
          eid = {A44},
        pages = {A44},
          doi = {10.1051/0004-6361/201935102},
archivePrefix = {arXiv},
       eprint = {1905.03734},
 primaryClass = {astro-ph.GA},
       adsurl = {https://ui.adsabs.harvard.edu/abs/2019A&A...626A..44M},
      adsnote = {Provided by the SAO/NASA Astrophysics Data System}
}

@ARTICLE{An2017,
       author = {{An}, Deokkeun and {Sellgren}, Kris and {Boogert}, A.~C. Adwin and {Ram{\'\i}rez}, Solange V. and {Pyo}, Tae-Soo},
        title = "{Abundant Methanol Ice toward a Massive Young Stellar Object in the Central Molecular Zone}",
      journal = {\apjl},
     keywords = {astrochemistry, Galaxy: nucleus, ISM: abundances, stars: massive, stars: protostars, Astrophysics - Astrophysics of Galaxies},
         year = 2017,
        month = jul,
       volume = {843},
       number = {2},
          eid = {L36},
        pages = {L36},
          doi = {10.3847/2041-8213/aa7cfe},
archivePrefix = {arXiv},
       eprint = {1707.03120},
 primaryClass = {astro-ph.GA},
       adsurl = {https://ui.adsabs.harvard.edu/abs/2017ApJ...843L..36A},
      adsnote = {Provided by the SAO/NASA Astrophysics Data System}
}

@ARTICLE{Moultaka2015a,
       author = {{Moultaka}, J. and {Eckart}, A. and {Mu{\v{z}}i{\'c}}, K.},
        title = "{``Ice Cubes'' in the Center of the Milky Way: Water-ice and Hydrocarbons in the Central Parsec}",
      journal = {\apj},
     keywords = {galaxies: nuclei, Galaxy: center, infrared: ISM, Astrophysics - Astrophysics of Galaxies},
         year = 2015,
        month = jun,
       volume = {806},
       number = {2},
          eid = {202},
        pages = {202},
          doi = {10.1088/0004-637X/806/2/202},
archivePrefix = {arXiv},
       eprint = {1506.01918},
 primaryClass = {astro-ph.GA},
       adsurl = {https://ui.adsabs.harvard.edu/abs/2015ApJ...806..202M},
      adsnote = {Provided by the SAO/NASA Astrophysics Data System}
}

@ARTICLE{Moultaka2015b,
       author = {{Moultaka}, J. and {Eckart}, A. and {Sabha}, N.},
        title = "{Ices in the Galactic Centre: solid ice and gaseous CO in the central parsec$^{★}$}",
      journal = {\mnras},
     keywords = {Galaxy: centre, galaxies: nuclei, infrared: ISM, Astrophysics - Astrophysics of Galaxies},
         year = 2015,
        month = apr,
       volume = {448},
       number = {4},
        pages = {3363-3373},
          doi = {10.1093/mnras/stv222},
archivePrefix = {arXiv},
       eprint = {1504.06162},
 primaryClass = {astro-ph.GA},
       adsurl = {https://ui.adsabs.harvard.edu/abs/2015MNRAS.448.3363M},
      adsnote = {Provided by the SAO/NASA Astrophysics Data System}
}

@ARTICLE{Boogert2008,
       author = {{Boogert}, A.~C.~A. and {Pontoppidan}, K.~M. and {Knez}, C. and {Lahuis}, F. and {Kessler-Silacci}, J. and {van Dishoeck}, E.~F. and {Blake}, G.~A. and {Augereau}, J. -C. and {Bisschop}, S.~E. and {Bottinelli}, S. and {Brooke}, T.~Y. and {Brown}, J. and {Crapsi}, A. and {Evans}, N.~J., II and {Fraser}, H.~J. and {Geers}, V. and {Huard}, T.~L. and {J{\o}rgensen}, J.~K. and {{\"O}berg}, K.~I. and {Allen}, L.~E. and {Harvey}, P.~M. and {Koerner}, D.~W. and {Mundy}, L.~G. and {Padgett}, D.~L. and {Sargent}, A.~I. and {Stapelfeldt}, K.~R.},
        title = "{The c2d Spitzer Spectroscopic Survey of Ices around Low-Mass Young Stellar Objects. I. H$_{2}$O and the 5-8 {\ensuremath{\mu}}m Bands}",
      journal = {\apj},
     keywords = {astrochemistry, infrared: ISM, infrared: stars, ISM: abundances, ISM: molecules, stars: formation, Astrophysics},
         year = 2008,
        month = may,
       volume = {678},
       number = {2},
        pages = {985-1004},
          doi = {10.1086/533425},
archivePrefix = {arXiv},
       eprint = {0801.1167},
 primaryClass = {astro-ph},
       adsurl = {https://ui.adsabs.harvard.edu/abs/2008ApJ...678..985B},
      adsnote = {Provided by the SAO/NASA Astrophysics Data System}
}

@ARTICLE{Chiar2007,
       author = {{Chiar}, J.~E. and {Ennico}, K. and {Pendleton}, Y.~J. and {Boogert}, A.~C.~A. and {Greene}, T. and {Knez}, C. and {Lada}, C. and {Roellig}, T. and {Tielens}, A.~G.~G.~M. and {Werner}, M. and {Whittet}, D.~C.~B.},
        title = "{The Relationship between the Optical Depth of the 9.7 {\ensuremath{\mu}}m Silicate Absorption Feature and Infrared Differential Extinction in Dense Clouds}",
      journal = {\apjl},
     keywords = {ISM: Dust, Extinction, Infrared: ISM, ISM: Clouds, ISM: Molecules, Astrophysics},
         year = 2007,
        month = sep,
       volume = {666},
       number = {2},
        pages = {L73-L76},
          doi = {10.1086/521789},
archivePrefix = {arXiv},
       eprint = {0707.3480},
 primaryClass = {astro-ph},
       adsurl = {https://ui.adsabs.harvard.edu/abs/2007ApJ...666L..73C},
      adsnote = {Provided by the SAO/NASA Astrophysics Data System}
}

@ARTICLE{Tamanai2006,
       author = {{Tamanai}, A. and {Mutschke}, H. and {Blum}, J. and {Meeus}, G.},
        title = "{The 10 {\ensuremath{\mu}}m Infrared Band of Silicate Dust: A Laboratory Study Comparing the Aerosol and KBr Pellet Techniques}",
      journal = {\apjl},
     keywords = {Stars: Circumstellar Matter, ISM: Dust, Extinction, Infrared: Stars, Line: Profiles, Methods: Laboratory, Stars: Formation, Astrophysics},
         year = 2006,
        month = sep,
       volume = {648},
       number = {2},
        pages = {L147-L150},
          doi = {10.1086/508164},
archivePrefix = {arXiv},
       eprint = {astro-ph/0609231},
 primaryClass = {astro-ph},
       adsurl = {https://ui.adsabs.harvard.edu/abs/2006ApJ...648L.147T},
      adsnote = {Provided by the SAO/NASA Astrophysics Data System}
}


@ARTICLE{Moultaka2005,
       author = {{Moultaka}, J. and {Eckart}, A. and {Sch{\"o}del}, R. and {Viehmann}, T. and {Najarro}, F.},
        title = "{VLT L-band mapping of the Galactic center IRS 3-IRS 13 region. Evidence for new Wolf-Rayet type stars}",
      journal = {\aap},
     keywords = {Galaxy: center, galaxies: nuclei, infrared: ISM, Astrophysics},
         year = 2005,
        month = nov,
       volume = {443},
       number = {1},
        pages = {163-173},
          doi = {10.1051/0004-6361:20052819},
archivePrefix = {arXiv},
       eprint = {astro-ph/0507161},
 primaryClass = {astro-ph},
       adsurl = {https://ui.adsabs.harvard.edu/abs/2005A&A...443..163M},
      adsnote = {Provided by the SAO/NASA Astrophysics Data System}
}

@ARTICLE{Kemper2004,
       author = {{Kemper}, F. and {Vriend}, W.~J. and {Tielens}, A.~G.~G.~M.},
        title = "{The Absence of Crystalline Silicates in the Diffuse Interstellar Medium}",
      journal = {\apj},
     keywords = {Astrochemistry, ISM: Cosmic Rays, ISM: Dust, Extinction, Galaxy: Center, Infrared: ISM, ISM: Lines and Bands, Astrophysics},
         year = 2004,
        month = jul,
       volume = {609},
       number = {2},
        pages = {826-837},
          doi = {10.1086/421339},
archivePrefix = {arXiv},
       eprint = {astro-ph/0403609},
 primaryClass = {astro-ph},
       adsurl = {https://ui.adsabs.harvard.edu/abs/2004ApJ...609..826K},
      adsnote = {Provided by the SAO/NASA Astrophysics Data System}
}

@ARTICLE{Chiar2002,
       author = {{Chiar}, J.~E. and {Adamson}, A.~J. and {Pendleton}, Y.~J. and {Whittet}, D.~C.~B. and {Caldwell}, D.~A. and {Gibb}, E.~L.},
        title = "{Hydrocarbons, Ices, and ``XCN'' in the Line of Sight toward the Galactic Center}",
      journal = {\apj},
     keywords = {ISM: Dust, Extinction, Galaxy: Center, Infrared: ISM: Lines and Bands, Infrared: Stars, ISM: Molecules},
         year = 2002,
        month = may,
       volume = {570},
       number = {1},
        pages = {198-209},
          doi = {10.1086/339570},
       adsurl = {https://ui.adsabs.harvard.edu/abs/2002ApJ...570..198C},
      adsnote = {Provided by the SAO/NASA Astrophysics Data System}
}

@ARTICLE{Chiar2000,
       author = {{Chiar}, J.~E. and {Tielens}, A.~G.~G.~M. and {Whittet}, D.~C.~B. and {Schutte}, W.~A. and {Boogert}, A.~C.~A. and {Lutz}, D. and {van Dishoeck}, E.~F. and {Bernstein}, M.~P.},
        title = "{The Composition and Distribution of Dust along the Line of Sight toward the Galactic Center}",
      journal = {\apj},
     keywords = {ISM: Dust, Extinction, Galaxy: Center, Infrared: ISM: Lines and Bands, Infrared: Stars, ISM: Molecules, Astrophysics},
         year = 2000,
        month = jul,
       volume = {537},
       number = {2},
        pages = {749-762},
          doi = {10.1086/309047},
archivePrefix = {arXiv},
       eprint = {astro-ph/0002421},
 primaryClass = {astro-ph},
       adsurl = {https://ui.adsabs.harvard.edu/abs/2000ApJ...537..749C},
      adsnote = {Provided by the SAO/NASA Astrophysics Data System}
}


@MISC{Schlafly2021,
       author = {{Schlafly}, E.~F.},
        title = "{crowdsource: Crowded field photometry pipeline}",
     keywords = {Software},
 howpublished = {Astrophysics Source Code Library, record ascl:2106.004},
         year = 2021,
        month = jun,
          eid = {ascl:2106.004},
        pages = {ascl:2106.004},
archivePrefix = {ascl},
       eprint = {2106.004},
       adsurl = {https://ui.adsabs.harvard.edu/abs/2021ascl.soft06004S},
      adsnote = {Provided by the SAO/NASA Astrophysics Data System}
}


@ARTICLE{Hartmann2016,
       author = {{Hartmann}, Lee and {Herczeg}, Gregory and {Calvet}, Nuria},
        title = "{Accretion onto Pre-Main-Sequence Stars}",
      journal = {\araa},
         year = 2016,
        month = sep,
       volume = {54},
        pages = {135-180},
          doi = {10.1146/annurev-astro-081915-023347},
       adsurl = {https://ui.adsabs.harvard.edu/abs/2016ARA&A..54..135H},
      adsnote = {Provided by the SAO/NASA Astrophysics Data System}
}








@ARTICLE{Immer2012,
       author = {{Immer}, K. and {Menten}, K.~M. and {Schuller}, F. and {Lis}, D.~C.},
        title = "{A multi-wavelength view of the Galactic center dust ridge reveals little star formation}",
      journal = {\aap},
     keywords = {Galaxy: center, stars: formation, H II regions, Astrophysics - Galaxy Astrophysics},
         year = 2012,
        month = dec,
       volume = {548},
          eid = {A120},
        pages = {A120},
          doi = {10.1051/0004-6361/201219182},
archivePrefix = {arXiv},
       eprint = {1211.0455},
 primaryClass = {astro-ph.GA},
       adsurl = {https://ui.adsabs.harvard.edu/abs/2012A&A...548A.120I},
      adsnote = {Provided by the SAO/NASA Astrophysics Data System}
}

@ARTICLE{Krieger2017,
       author = {{Krieger}, Nico and {Ott}, J{\"u}rgen and {Beuther}, Henrik and {Walter}, Fabian and {Kruijssen}, J.~M. Diederik and {Meier}, David S. and {Mills}, Elisabeth A.~C. and {Contreras}, Yanett and {Edwards}, Phil and {Ginsburg}, Adam and {Henkel}, Christian and {Henshaw}, Jonathan and {Jackson}, James and {Kauffmann}, Jens and {Longmore}, Steven and {Mart{\'\i}n}, Sergio and {Morris}, Mark R. and {Pillai}, Thushara and {Rickert}, Matthew and {Rosolowsky}, Erik and {Shinnaga}, Hiroko and {Walsh}, Andrew and {Yusef-Zadeh}, Farhad and {Zhang}, Qizhou},
        title = "{The Survey of Water and Ammonia in the Galactic Center (SWAG): Molecular Cloud Evolution in the Central Molecular Zone}",
      journal = {\apj},
     keywords = {Galaxy: center, evolution, ISM: clouds, ISM: kinematics and dynamics, stars: formation, Astrophysics - Astrophysics of Galaxies},
         year = 2017,
        month = nov,
       volume = {850},
       number = {1},
          eid = {77},
        pages = {77},
          doi = {10.3847/1538-4357/aa951c},
archivePrefix = {arXiv},
       eprint = {1710.06902},
 primaryClass = {astro-ph.GA},
       adsurl = {https://ui.adsabs.harvard.edu/abs/2017ApJ...850...77K},
      adsnote = {Provided by the SAO/NASA Astrophysics Data System}
}




@ARTICLE{Sandford1988,
       author = {{Sandford}, Scott A. and {Allamandola}, Louis J.},
        title = "{The condensation and vaporization behavior of H $_{2}$O: CO ices and implications for interstellar grains and cometary activity}",
      journal = {\icarus},
     keywords = {Carbon Monoxide, Comets, Condensing, Cosmic Dust, Vaporizing, Water, Abundance, Binding, Ice, Infrared Spectroscopy, Molecular Absorption, Phase Transformations, Astrophysics},
         year = 1988,
        month = nov,
       volume = {76},
       number = {2},
        pages = {201-224},
          doi = {10.1016/0019-1035(88)90069-3},
       adsurl = {https://ui.adsabs.harvard.edu/abs/1988Icar...76..201S},
      adsnote = {Provided by the SAO/NASA Astrophysics Data System}
}


@ARTICLE{Lu2021,
       author = {{Lu}, Xing and {Li}, Shanghuo and {Ginsburg}, Adam and {Longmore}, Steven N. and {Kruijssen}, J.~M. Diederik and {Walker}, Daniel L. and {Feng}, Siyi and {Zhang}, Qizhou and {Battersby}, Cara and {Pillai}, Thushara and {Mills}, Elisabeth A.~C. and {Kauffmann}, Jens and {Cheng}, Yu and {Inutsuka}, Shu-ichiro},
        title = "{ALMA Observations of Massive Clouds in the Central Molecular Zone: Ubiquitous Protostellar Outflows}",
      journal = {\apj},
     keywords = {Galactic center, Star formation, Stellar jets, Interstellar line emission, Astrochemistry, 565, 1569, 1607, 844, 75, Astrophysics - Astrophysics of Galaxies},
         year = 2021,
        month = mar,
       volume = {909},
       number = {2},
          eid = {177},
        pages = {177},
          doi = {10.3847/1538-4357/abde3c},
archivePrefix = {arXiv},
       eprint = {2101.07925},
 primaryClass = {astro-ph.GA},
       adsurl = {https://ui.adsabs.harvard.edu/abs/2021ApJ...909..177L},
      adsnote = {Provided by the SAO/NASA Astrophysics Data System}
}

@ARTICLE{Lu2020,
       author = {{Lu}, Xing and {Cheng}, Yu and {Ginsburg}, Adam and {Longmore}, Steven N. and {Kruijssen}, J.~M. Diederik and {Battersby}, Cara and {Zhang}, Qizhou and {Walker}, Daniel L.},
        title = "{ALMA Observations of Massive Clouds in the Central Molecular Zone: Jeans Fragmentation and Cluster Formation}",
      journal = {\apjl},
     keywords = {Galactic center, Star formation, Molecular clouds, 565, 1569, 1072, Astrophysics - Astrophysics of Galaxies},
         year = 2020,
        month = may,
       volume = {894},
       number = {2},
          eid = {L14},
        pages = {L14},
          doi = {10.3847/2041-8213/ab8b65},
archivePrefix = {arXiv},
       eprint = {2004.09532},
 primaryClass = {astro-ph.GA},
       adsurl = {https://ui.adsabs.harvard.edu/abs/2020ApJ...894L..14L},
      adsnote = {Provided by the SAO/NASA Astrophysics Data System}
}



@ARTICLE{Predehl1995,
       author = {{Predehl}, P. and {Schmitt}, J.~H.~M.~M.},
        title = "{X-raying the interstellar medium: ROSAT observations of dust scattering halos.}",
      journal = {\aap},
     keywords = {INTERSTELLAR MEDIUM: DUST, ISM: CAS A, X-RAYS: ISM},
         year = 1995,
        month = jan,
       volume = {293},
        pages = {889-905},
       adsurl = {https://ui.adsabs.harvard.edu/abs/1995A&A...293..889P},
      adsnote = {Provided by the SAO/NASA Astrophysics Data System}
}


@ARTICLE{Ramirez2008,
       author = {{Ram{\'\i}rez}, Solange V. and {Arendt}, Richard G. and {Sellgren}, Kris and {Stolovy}, Susan R. and {Cotera}, Angela and {Smith}, Howard A. and {Yusef-Zadeh}, Farhad},
        title = "{Point Sources from a Spitzer IRAC Survey of the Galactic Center}",
      journal = {\apjs},
     keywords = {Galaxy: center, stars: late-type, Astrophysics},
         year = 2008,
        month = mar,
       volume = {175},
       number = {1},
        pages = {147-164},
          doi = {10.1086/524015},
archivePrefix = {arXiv},
       eprint = {0709.3113},
 primaryClass = {astro-ph},
       adsurl = {https://ui.adsabs.harvard.edu/abs/2008ApJS..175..147R},
      adsnote = {Provided by the SAO/NASA Astrophysics Data System}
}


@ARTICLE{Saito2012,
       author = {{Saito}, R.~K. and {Hempel}, M. and {Minniti}, D. and {Lucas}, P.~W. and {Rejkuba}, M. and {Toledo}, I. and {Gonzalez}, O.~A. and {Alonso-Garc{\'\i}a}, J. and {Irwin}, M.~J. and {Gonzalez-Solares}, E. and {Hodgkin}, S.~T. and {Lewis}, J.~R. and {Cross}, N. and {Ivanov}, V.~D. and {Kerins}, E. and {Emerson}, J.~P. and {Soto}, M. and {Am{\^o}res}, E.~B. and {Gurovich}, S. and {D{\'e}k{\'a}ny}, I. and {Angeloni}, R. and {Beamin}, J.~C. and {Catelan}, M. and {Padilla}, N. and {Zoccali}, M. and {Pietrukowicz}, P. and {Moni Bidin}, C. and {Mauro}, F. and {Geisler}, D. and {Folkes}, S.~L. and {Sale}, S.~E. and {Borissova}, J. and {Kurtev}, R. and {Ahumada}, A.~V. and {Alonso}, M.~V. and {Adamson}, A. and {Arias}, J.~I. and {Bandyopadhyay}, R.~M. and {Barb{\'a}}, R.~H. and {Barbuy}, B. and {Baume}, G.~L. and {Bedin}, L.~R. and {Bellini}, A. and {Benjamin}, R. and {Bica}, E. and {Bonatto}, C. and {Bronfman}, L. and {Carraro}, G. and {Chen{\`e}}, A.~N. and {Clari{\'a}}, J.~J. and {Clarke}, J.~R.~A. and {Contreras}, C. and {Corvill{\'o}n}, A. and {de Grijs}, R. and {Dias}, B. and {Drew}, J.~E. and {Fari{\~n}a}, C. and {Feinstein}, C. and {Fern{\'a}ndez-Laj{\'u}s}, E. and {Gamen}, R.~C. and {Gieren}, W. and {Goldman}, B. and {Gonz{\'a}lez-Fern{\'a}ndez}, C. and {Grand}, R.~J.~J. and {Gunthardt}, G. and {Hambly}, N.~C. and {Hanson}, M.~M. and {He{\l}miniak}, K.~G. and {Hoare}, M.~G. and {Huckvale}, L. and {Jord{\'a}n}, A. and {Kinemuchi}, K. and {Longmore}, A. and {L{\'o}pez-Corredoira}, M. and {Maccarone}, T. and {Majaess}, D. and {Mart{\'\i}n}, E.~L. and {Masetti}, N. and {Mennickent}, R.~E. and {Mirabel}, I.~F. and {Monaco}, L. and {Morelli}, L. and {Motta}, V. and {Palma}, T. and {Parisi}, M.~C. and {Parker}, Q. and {Pe{\~n}aloza}, F. and {Pietrzy{\'n}ski}, G. and {Pignata}, G. and {Popescu}, B. and {Read}, M.~A. and {Rojas}, A. and {Roman-Lopes}, A. and {Ruiz}, M.~T. and {Saviane}, I. and {Schreiber}, M.~R. and {Schr{\"o}der}, A.~C. and {Sharma}, S. and {Smith}, M.~D. and {Sodr{\'e}}, L. and {Stead}, J. and {Stephens}, A.~W. and {Tamura}, M. and {Tappert}, C. and {Thompson}, M.~A. and {Valenti}, E. and {Vanzi}, L. and {Walton}, N.~A. and {Weidmann}, W. and {Zijlstra}, A.},
        title = "{VVV DR1: The first data release of the Milky Way bulge and southern plane from the near-infrared ESO public survey VISTA variables in the V{\'\i}a L{\'a}ctea}",
      journal = {\aap},
     keywords = {Galaxy: bulge, Galaxy: disk, Galaxy: stellar content, stars:, abundances, infrared: stars, surveys, Astrophysics - Astrophysics of Galaxies},
         year = 2012,
        month = jan,
       volume = {537},
          eid = {A107},
        pages = {A107},
          doi = {10.1051/0004-6361/201118407},
archivePrefix = {arXiv},
       eprint = {1111.5511},
 primaryClass = {astro-ph.GA},
       adsurl = {https://ui.adsabs.harvard.edu/abs/2012A&A...537A.107S},
      adsnote = {Provided by the SAO/NASA Astrophysics Data System}
}


@ARTICLE{Onaka2022,
       author = {{Onaka}, Takashi and {Sakon}, Itsuki and {Shimonishi}, Takashi},
        title = "{Near-infrared spectroscopy of a massive young stellar object in the direction toward the Galactic Center: XCN and aromatic C-D features}",
      journal = {arXiv e-prints},
     keywords = {Astrophysics - Astrophysics of Galaxies},
         year = 2022,
        month = dec,
          eid = {arXiv:2212.11424},
        pages = {arXiv:2212.11424},
archivePrefix = {arXiv},
       eprint = {2212.11424},
 primaryClass = {astro-ph.GA},
       adsurl = {https://ui.adsabs.harvard.edu/abs/2022arXiv221211424O},
      adsnote = {Provided by the SAO/NASA Astrophysics Data System}
}


@ARTICLE{Rigby2016,
       author = {{Rigby}, A.~J. and {Moore}, T.~J.~T. and {Plume}, R. and {Eden}, D.~J. and {Urquhart}, J.~S. and {Thompson}, M.~A. and {Mottram}, J.~C. and {Brunt}, C.~M. and {Butner}, H.~M. and {Dempsey}, J.~T. and {Gibson}, S.~J. and {Hatchell}, J. and {Jenness}, T. and {Kuno}, N. and {Longmore}, S.~N. and {Morgan}, L.~K. and {Polychroni}, D. and {Thomas}, H. and {White}, G.~J. and {Zhu}, M.},
        title = "{CHIMPS: the $^{13}$CO/C$^{18}$O (J = 3 {\textrightarrow} 2) Heterodyne Inner Milky Way Plane Survey}",
      journal = {\mnras},
     keywords = {molecular data, surveys, stars: formation, ISM: molecules, ISM: structure, submillimetre: ISM, Astrophysics - Astrophysics of Galaxies},
         year = 2016,
        month = mar,
       volume = {456},
       number = {3},
        pages = {2885-2899},
          doi = {10.1093/mnras/stv2808},
archivePrefix = {arXiv},
       eprint = {1512.08235},
 primaryClass = {astro-ph.GA},
       adsurl = {https://ui.adsabs.harvard.edu/abs/2016MNRAS.456.2885R},
      adsnote = {Provided by the SAO/NASA Astrophysics Data System}
}


@ARTICLE{Nogueras-Lara2019,
       author = {{Nogueras-Lara}, F. and {Sch{\"o}del}, R. and {Gallego-Calvente}, A.~T. and {Dong}, H. and {Gallego-Cano}, E. and {Shahzamanian}, B. and {Girard}, J.~H.~V. and {Nishiyama}, S. and {Najarro}, F. and {Neumayer}, N.},
        title = "{GALACTICNUCLEUS: A high-angular-resolution JHK$_{s}$ imaging survey of the Galactic centre. II. First data release of the catalogue and the most detailed CMDs of the GC}",
      journal = {\aap},
     keywords = {Galaxy: center, Galaxy: bulge, Galaxy: structure, stars: horizontal-branch, dust, extinction, Astrophysics - Astrophysics of Galaxies, Astrophysics - Instrumentation and Methods for Astrophysics, Astrophysics - Solar and Stellar Astrophysics},
         year = 2019,
        month = nov,
       volume = {631},
          eid = {A20},
        pages = {A20},
          doi = {10.1051/0004-6361/201936263},
archivePrefix = {arXiv},
       eprint = {1908.10366},
 primaryClass = {astro-ph.GA},
       adsurl = {https://ui.adsabs.harvard.edu/abs/2019A&A...631A..20N},
      adsnote = {Provided by the SAO/NASA Astrophysics Data System}
}


@ARTICLE{Palumbo2006,
       author = {{Palumbo}, M.~E.},
        title = "{Formation of compact solid water after ion irradiation at 15 K}",
      journal = {\aap},
     keywords = {astrochemistry, molecular processes, methods: laboratory, ISM: lines and bands, techniques: spectroscopic, infrared: ISM},
         year = 2006,
        month = jul,
       volume = {453},
       number = {3},
        pages = {903-909},
          doi = {10.1051/0004-6361:20042382},
       adsurl = {https://ui.adsabs.harvard.edu/abs/2006A&A...453..903P},
      adsnote = {Provided by the SAO/NASA Astrophysics Data System}
}


@ARTICLE{Guver2009,
       author = {{G{\"u}ver}, Tolga and {{\"O}zel}, Feryal},
        title = "{The relation between optical extinction and hydrogen column density in the Galaxy}",
      journal = {\mnras},
     keywords = {dust, extinction, supernova remnants, X-rays: ISM, Astrophysics - Astrophysics of Galaxies, Astrophysics - High Energy Astrophysical Phenomena},
         year = 2009,
        month = dec,
       volume = {400},
       number = {4},
        pages = {2050-2053},
          doi = {10.1111/j.1365-2966.2009.15598.x},
archivePrefix = {arXiv},
       eprint = {0903.2057},
 primaryClass = {astro-ph.GA},
       adsurl = {https://ui.adsabs.harvard.edu/abs/2009MNRAS.400.2050G},
      adsnote = {Provided by the SAO/NASA Astrophysics Data System}
}


@ARTICLE{Hudgins1993,
       author = {{Hudgins}, D.~M. and {Sandford}, S.~A. and {Allamandola}, L.~J. and {Tielens}, A.~G.~G.~M.},
        title = "{Mid- and Far-Infrared Spectroscopy of Ices: Optical Constants and Integrated Absorbances}",
      journal = {\apjs},
     keywords = {Absorptivity, Ice, Infrared Spectroscopy, Molecular Absorption, Far Infrared Radiation, Infrared Spectra, Organic Compounds, Astronomy, LINE: IDENTIFICATION, MOLECULAR DATA},
         year = 1993,
        month = jun,
       volume = {86},
        pages = {713},
          doi = {10.1086/191796},
       adsurl = {https://ui.adsabs.harvard.edu/abs/1993ApJS...86..713H},
      adsnote = {Provided by the SAO/NASA Astrophysics Data System}
}


@ARTICLE{Pontoppidan2006,
       author = {{Pontoppidan}, K.~M.},
        title = "{Spatial mapping of ices in the Ophiuchus-F core. A direct measurement of CO depletion and the formation of CO\_2}",
      journal = {\aap},
     keywords = {astrochemistry, molecular processes, ISM: molecules, infrared: ISM, Astrophysics},
         year = 2006,
        month = jul,
       volume = {453},
       number = {3},
        pages = {L47-L50},
          doi = {10.1051/0004-6361:20065569},
archivePrefix = {arXiv},
       eprint = {astro-ph/0605576},
 primaryClass = {astro-ph},
       adsurl = {https://ui.adsabs.harvard.edu/abs/2006A&A...453L..47P},
      adsnote = {Provided by the SAO/NASA Astrophysics Data System}
}


@ARTICLE{Pilling2010,
       author = {{Pilling}, S. and {Seperuelo Duarte}, E. and {Domaracka}, A. and {Rothard}, H. and {Boduch}, P. and {da Silveira}, E.~F.},
        title = "{Radiolysis of H$_{2}$O:CO$_{2}$ ices by heavy energetic cosmic ray analogs}",
      journal = {\aap},
     keywords = {astrochemistry, molecular data, solar wind, cosmic rays, ISM: molecules, planets and satellites: composition, Astrophysics - High Energy Astrophysical Phenomena},
         year = 2010,
        month = nov,
       volume = {523},
          eid = {A77},
        pages = {A77},
          doi = {10.1051/0004-6361/201015123},
archivePrefix = {arXiv},
       eprint = {1008.0662},
 primaryClass = {astro-ph.HE},
       adsurl = {https://ui.adsabs.harvard.edu/abs/2010A&A...523A..77P},
      adsnote = {Provided by the SAO/NASA Astrophysics Data System}
}


@ARTICLE{Moneti2001,
       author = {{Moneti}, Andrea and {Cernicharo}, Jos{\'e} and {Pardo}, Juan Ram{\'o}n},
        title = "{Cold H$_{2}$O and CO Ice and Gas toward the Galactic Center}",
      journal = {\apjl},
     keywords = {Infrared: ISM, ISM: Abundances, ISM: Individual: Name: Sagittarius A*, ISM: Individual: Alphanumeric: GCS 3, ISM: Lines and Bands, ISM: Molecules, Astrophysics},
         year = 2001,
        month = mar,
       volume = {549},
       number = {2},
        pages = {L203-L207},
          doi = {10.1086/319168},
archivePrefix = {arXiv},
       eprint = {astro-ph/0012292},
 primaryClass = {astro-ph},
       adsurl = {https://ui.adsabs.harvard.edu/abs/2001ApJ...549L.203M},
      adsnote = {Provided by the SAO/NASA Astrophysics Data System}
}


@ARTICLE{Lutz1996,
       author = {{Lutz}, D. and {Feuchtgruber}, H. and {Genzel}, R. and {Kunze}, D. and {Rigopoulou}, D. and {Spoon}, H.~W.~W. and {Wright}, C.~M. and {Egami}, E. and {Katterloher}, R. and {Sturm}, E. and {Wieprecht}, E. and {Sternberg}, A. and {Moorwood}, A.~F.~M. and {de Graauw}, T.},
        title = "{SWS observations of the Galactic center.}",
      journal = {\aap},
     keywords = {GALAXY: CENTER, ISM: GENERAL, DUST: EXTINCTION, INFRARED: ISM: LINES AND BANDS},
         year = 1996,
        month = nov,
       volume = {315},
        pages = {L269-L272},
       adsurl = {https://ui.adsabs.harvard.edu/abs/1996A&A...315L.269L},
      adsnote = {Provided by the SAO/NASA Astrophysics Data System}
}



@ARTICLE{Lis2001,
       author = {{Lis}, D.~C. and {Serabyn}, E. and {Zylka}, R. and {Li}, Y.},
        title = "{Quiescent Giant Molecular Cloud Cores in the Galactic Center}",
      journal = {\apj},
     keywords = {Galaxy: Center, Infrared: ISM, ISM: Clouds, ISM: Individual: Alphanumeric: GCM 0.25+0.11, ISM: Individual: Name: Sagittarius B1, Stars: Formation},
         year = 2001,
        month = apr,
       volume = {550},
       number = {2},
        pages = {761-777},
          doi = {10.1086/319815},
       adsurl = {https://ui.adsabs.harvard.edu/abs/2001ApJ...550..761L},
      adsnote = {Provided by the SAO/NASA Astrophysics Data System}
}

@ARTICLE{Lis1998,
       author = {{Lis}, D.~C. and {Menten}, Karl M.},
        title = "{Infrared Space Observatory Long Wavelength Spectrometer Observations of a Cold Giant Molecular Cloud Core near the Galactic Center}",
      journal = {\apj},
     keywords = {GALAXY: CENTER, ISM: CLOUDS, INFRARED: ISM: CONTINUUM, ISM: MOLECULES, STARS: FORMATION, Galaxy: Center, ISM: Clouds, Infrared: ISM: Continuum, ISM: Molecules, Stars: Formation},
         year = 1998,
        month = nov,
       volume = {507},
       number = {2},
        pages = {794-804},
          doi = {10.1086/306366},
       adsurl = {https://ui.adsabs.harvard.edu/abs/1998ApJ...507..794L},
      adsnote = {Provided by the SAO/NASA Astrophysics Data System}
}

@ARTICLE{Lis1994a,
       author = {{Lis}, D.~C. and {Carlstrom}, J.~E.},
        title = "{Submillimeter Continuum Survey of the Galactic Center}",
      journal = {\apj},
     keywords = {Continuums, Disk Galaxies, Interstellar Matter, Molecular Clouds, Star Formation, Emission Spectra, Line Spectra, Stellar Luminosity, Astrophysics, GALAXY: CENTER, ISM: CLOUDS, ISM: INDIVIDUAL NAME: SAGITTARIUS A, ISM: INDIVIDUAL NAME: SAGITTARIUS B, ISM: INDIVIDUAL NAME: SAGITTARIUS C, STARS: FORMATION},
         year = 1994,
        month = mar,
       volume = {424},
        pages = {189},
          doi = {10.1086/173882},
       adsurl = {https://ui.adsabs.harvard.edu/abs/1994ApJ...424..189L},
      adsnote = {Provided by the SAO/NASA Astrophysics Data System}
}

@ARTICLE{Lis1994b,
       author = {{Lis}, D.~C. and {Menten}, K.~M. and {Serabyn}, E. and {Zylka}, R.},
        title = "{Star Formation in the Galactic Center Dust Ridge}",
      journal = {\apjl},
     keywords = {Astronomical Maps, Dust, Galaxies, Molecular Clouds, Radio Astronomy, Radio Emission, Ridges, Star Formation, Submillimeter Waves, Water Masers, Bolometers, Data Reduction, Radio Telescopes, Spatial Resolution, Very Large Array (Vla), Astrophysics, GALAXY: CENTER, STARS: FORMATION, MASERS},
         year = 1994,
        month = mar,
       volume = {423},
        pages = {L39},
          doi = {10.1086/187230},
       adsurl = {https://ui.adsabs.harvard.edu/abs/1994ApJ...423L..39L},
      adsnote = {Provided by the SAO/NASA Astrophysics Data System}
}

@ARTICLE{Lis1991,
       author = {{Lis}, D.~C. and {Carlstrom}, J.~E. and {Keene}, Jocelyn},
        title = "{Millimeter Continuum Observations of Galactic Center Giant Molecular Cloud Cores}",
      journal = {\apj},
     keywords = {Galactic Nuclei, Galactic Structure, Milky Way Galaxy, Molecular Clouds, Star Formation, Astronomical Models, Interstellar Matter, Massive Stars, Sagittarius Constellation, Star Formation Rate, Astrophysics, GALAXIES: NUCLEI, GALAXIES: THE GALAXY, INTERSTELLAR: GRAINS, INTERSTELLAR: MOLECULES, NEBULAE: INDIVIDUAL NAME: SAGITTARIUS B2, NEBULAE: INDIVIDUAL NAME: SAGITTARIUS C, NEBULAE: INDIVIDUAL NAME: SAGITTARIUS D, STARS: FORMATION},
         year = 1991,
        month = oct,
       volume = {380},
        pages = {429},
          doi = {10.1086/170601},
       adsurl = {https://ui.adsabs.harvard.edu/abs/1991ApJ...380..429L},
      adsnote = {Provided by the SAO/NASA Astrophysics Data System}
}


@ARTICLE{Petkova2023,
       author = {{Petkova}, Maya A. and {Kruijssen}, J.~M. Diederik and {Kluge}, A. Louise and {Glover}, Simon C.~O. and {Walker}, Daniel L. and {Longmore}, Steven N. and {Henshaw}, Jonathan D. and {Reissl}, Stefan and {Dale}, James E.},
        title = "{The complex multiscale structure in simulated and observed emission maps of the proto-cluster cloud G0.253+0.016 ('the Brick')}",
      journal = {\mnras},
     keywords = {stars: formation, ISM: clouds, ISM: evolution, ISM: kinematics and dynamics, Galaxy: centre, galaxies: ISM},
         year = 2023,
        month = apr,
       volume = {520},
       number = {2},
        pages = {2245-2268},
          doi = {10.1093/mnras/stad229},
       adsurl = {https://ui.adsabs.harvard.edu/abs/2023MNRAS.520.2245P},
      adsnote = {Provided by the SAO/NASA Astrophysics Data System}
}

@ARTICLE{Henshaw2022,
       author = {{Henshaw}, Jonathan D. and {Krumholz}, Mark R. and {Butterfield}, Natalie O. and {Mackey}, Jonathan and {Ginsburg}, Adam and {Haworth}, Thomas J. and {Nogueras-Lara}, Francisco and {Barnes}, Ashley T. and {Longmore}, Steven N. and {Bally}, John and {Kruijssen}, J.~M. Diederik and {Mills}, Elisabeth A.~C. and {Beuther}, Henrik and {Walker}, Daniel L. and {Battersby}, Cara and {Bulatek}, Alyssa and {Henning}, Thomas and {Ott}, Juergen and {Soler}, Juan D.},
        title = "{A wind-blown bubble in the Central Molecular Zone cloud G0.253+0.016}",
      journal = {\mnras},
     keywords = {ISM: bubbles, ISM: clouds, H II regions, ISM: kinematics and dynamics, ISM: structure, Galaxy: centre, Astrophysics - Astrophysics of Galaxies},
         year = 2022,
        month = feb,
       volume = {509},
       number = {4},
        pages = {4758-4774},
          doi = {10.1093/mnras/stab3039},
archivePrefix = {arXiv},
       eprint = {2110.11367},
 primaryClass = {astro-ph.GA},
       adsurl = {https://ui.adsabs.harvard.edu/abs/2022MNRAS.509.4758H},
      adsnote = {Provided by the SAO/NASA Astrophysics Data System}
}

@ARTICLE{Guan2021,
       author = {{Guan}, Yilun and {Clark}, Susan E. and {Hensley}, Brandon S. and {Gallardo}, Patricio A. and {Naess}, Sigurd and {Duell}, Cody J. and {Aiola}, Simone and {Atkins}, Zachary and {Calabrese}, Erminia and {Choi}, Steve K. and {Cothard}, Nicholas F. and {Devlin}, Mark and {Duivenvoorden}, Adriaan J. and {Dunkley}, Jo and {D{\"u}nner}, Rolando and {Ferraro}, Simone and {Hasselfield}, Matthew and {Hughes}, John P. and {Koopman}, Brian J. and {Kosowsky}, Arthur B. and {Madhavacheril}, Mathew S. and {McMahon}, Jeff and {Nati}, Federico and {Niemack}, Michael D. and {Page}, Lyman A. and {Salatino}, Maria and {Schaan}, Emmanuel and {Sehgal}, Neelima and {Sif{\'o}n}, Crist{\'o}bal and {Staggs}, Suzanne and {Vavagiakis}, Eve M. and {Wollack}, Edward J. and {Xu}, Zhilei},
        title = "{The Atacama Cosmology Telescope: Microwave Intensity and Polarization Maps of the Galactic Center}",
      journal = {\apj},
     keywords = {Galactic center, Milky Way magnetic fields, Interstellar synchrotron emission, Interstellar dust, Magnetic fields, Millimeter astronomy, Molecular clouds, Supernova remnants, 565, 1057, 856, 836, 994, 1061, 1072, 1667, Astrophysics - Astrophysics of Galaxies, Astrophysics - Cosmology and Nongalactic Astrophysics},
         year = 2021,
        month = oct,
       volume = {920},
       number = {1},
          eid = {6},
        pages = {6},
          doi = {10.3847/1538-4357/ac133f},
archivePrefix = {arXiv},
       eprint = {2105.05267},
 primaryClass = {astro-ph.GA},
       adsurl = {https://ui.adsabs.harvard.edu/abs/2021ApJ...920....6G},
      adsnote = {Provided by the SAO/NASA Astrophysics Data System}
}

@ARTICLE{Walker2021,
       author = {{Walker}, Daniel L. and {Longmore}, Steven N. and {Bally}, John and {Ginsburg}, Adam and {Kruijssen}, J.~M. Diederik and {Zhang}, Qizhou and {Henshaw}, Jonathan D. and {Lu}, Xing and {Alves}, Jo{\~a}o and {Barnes}, Ashley T. and {Battersby}, Cara and {Beuther}, Henrik and {Contreras}, Yanett A. and {G{\'o}mez}, Laura and {Ho}, Luis C. and {Jackson}, James M. and {Kauffmann}, Jens and {Mills}, Elisabeth A.~C. and {Pillai}, Thushara},
        title = "{Star formation in 'the Brick': ALMA reveals an active protocluster in the Galactic centre cloud G0.253+0.016}",
      journal = {\mnras},
     keywords = {stars: formation, ISM: clouds, Galaxy: centre, Astrophysics - Astrophysics of Galaxies},
         year = 2021,
        month = may,
       volume = {503},
       number = {1},
        pages = {77-95},
          doi = {10.1093/mnras/stab415},
archivePrefix = {arXiv},
       eprint = {2102.03560},
 primaryClass = {astro-ph.GA},
       adsurl = {https://ui.adsabs.harvard.edu/abs/2021MNRAS.503...77W},
      adsnote = {Provided by the SAO/NASA Astrophysics Data System}
}

@ARTICLE{Zoccali2021,
       author = {{Zoccali}, M. and {Valenti}, E. and {Surot}, F. and {Gonzalez}, O.~A. and {Renzini}, A. and {Valenzuela Navarro}, A.},
        title = "{A new distance to the Brick, the dense molecular cloud G0.253+0.016}",
      journal = {\mnras},
     keywords = {stars: Hertzsprung-Russell and colour-magnitude diagrams, Galaxy: bulge, Galaxy: centre, Astrophysics - Astrophysics of Galaxies},
         year = 2021,
        month = mar,
       volume = {502},
       number = {1},
        pages = {1246-1252},
          doi = {10.1093/mnras/stab089},
archivePrefix = {arXiv},
       eprint = {2101.04022},
 primaryClass = {astro-ph.GA},
       adsurl = {https://ui.adsabs.harvard.edu/abs/2021MNRAS.502.1246Z},
      adsnote = {Provided by the SAO/NASA Astrophysics Data System}
}

@ARTICLE{Nogueras-Lara2021,
       author = {{Nogueras-Lara}, F. and {Sch{\"o}del}, R. and {Neumayer}, N. and {Schultheis}, M.},
        title = "{Distance to three molecular clouds in the central molecular zone}",
      journal = {\aap},
     keywords = {Galaxy: nucleus, Galaxy: center, stars: distances, stars: horizontal-branch, dust, extinction, Astrophysics - Astrophysics of Galaxies},
         year = 2021,
        month = mar,
       volume = {647},
          eid = {L6},
        pages = {L6},
          doi = {10.1051/0004-6361/202140554},
archivePrefix = {arXiv},
       eprint = {2103.02513},
 primaryClass = {astro-ph.GA},
       adsurl = {https://ui.adsabs.harvard.edu/abs/2021A&A...647L...6N},
      adsnote = {Provided by the SAO/NASA Astrophysics Data System}
}

@ARTICLE{Henshaw2020,
       author = {{Henshaw}, Jonathan D. and {Kruijssen}, J.~M. Diederik and {Longmore}, Steven N. and {Riener}, Manuel and {Leroy}, Adam K. and {Rosolowsky}, Erik and {Ginsburg}, Adam and {Battersby}, Cara and {Chevance}, M{\'e}lanie and {Meidt}, Sharon E. and {Glover}, Simon C.~O. and {Hughes}, Annie and {Kainulainen}, Jouni and {Klessen}, Ralf S. and {Schinnerer}, Eva and {Schruba}, Andreas and {Beuther}, Henrik and {Bigiel}, Frank and {Blanc}, Guillermo A. and {Emsellem}, Eric and {Henning}, Thomas and {Herrera}, Cynthia N. and {Koch}, Eric W. and {Pety}, J{\'e}r{\^o}me and {Ragan}, Sarah E. and {Sun}, Jiayi},
        title = "{Ubiquitous velocity fluctuations throughout the molecular interstellar medium}",
      journal = {Nature Astronomy},
     keywords = {Astrophysics - Astrophysics of Galaxies},
         year = 2020,
        month = jul,
       volume = {4},
        pages = {1064-1071},
          doi = {10.1038/s41550-020-1126-z},
archivePrefix = {arXiv},
       eprint = {2007.01877},
 primaryClass = {astro-ph.GA},
       adsurl = {https://ui.adsabs.harvard.edu/abs/2020NatAs...4.1064H},
      adsnote = {Provided by the SAO/NASA Astrophysics Data System}
}

@ARTICLE{Henshaw2019,
       author = {{Henshaw}, J.~D. and {Ginsburg}, A. and {Haworth}, T.~J. and {Longmore}, S.~N. and {Kruijssen}, J.~M.~D. and {Mills}, E.~A.~C. and {Sokolov}, V. and {Walker}, D.~L. and {Barnes}, A.~T. and {Contreras}, Y. and {Bally}, J. and {Battersby}, C. and {Beuther}, H. and {Butterfield}, N. and {Dale}, J.~E. and {Henning}, T. and {Jackson}, J.~M. and {Kauffmann}, J. and {Pillai}, T. and {Ragan}, S. and {Riener}, M. and {Zhang}, Q.},
        title = "{`The Brick' is not a brick: a comprehensive study of the structure and dynamics of the central molecular zone cloud G0.253+0.016}",
      journal = {\mnras},
     keywords = {turbulence, stars: formation, ISM: clouds, ISM: kinematics and dynamics, ISM: structure, galaxy: centre, Astrophysics - Astrophysics of Galaxies},
         year = 2019,
        month = may,
       volume = {485},
       number = {2},
        pages = {2457-2485},
          doi = {10.1093/mnras/stz471},
archivePrefix = {arXiv},
       eprint = {1902.02793},
 primaryClass = {astro-ph.GA},
       adsurl = {https://ui.adsabs.harvard.edu/abs/2019MNRAS.485.2457H},
      adsnote = {Provided by the SAO/NASA Astrophysics Data System}
}

@ARTICLE{Langer2017,
       author = {{Langer}, W.~D. and {Velusamy}, T. and {Morris}, M.~R. and {Goldsmith}, P.~F. and {Pineda}, J.~L.},
        title = "{Kinematics and properties of the central molecular zone as probed with [C II]}",
      journal = {\aap},
     keywords = {galaxies: ISM, Galaxy: center, ISM: clouds, ISM: atoms, Astrophysics - Astrophysics of Galaxies},
         year = 2017,
        month = mar,
       volume = {599},
          eid = {A136},
        pages = {A136},
          doi = {10.1051/0004-6361/201629497},
archivePrefix = {arXiv},
       eprint = {1701.03482},
 primaryClass = {astro-ph.GA},
       adsurl = {https://ui.adsabs.harvard.edu/abs/2017A&A...599A.136L},
      adsnote = {Provided by the SAO/NASA Astrophysics Data System}
}

@ARTICLE{Federrath2016,
       author = {{Federrath}, C. and {Rathborne}, J.~M. and {Longmore}, S.~N. and {Kruijssen}, J.~M.~D. and {Bally}, J. and {Contreras}, Y. and {Crocker}, R.~M. and {Garay}, G. and {Jackson}, J.~M. and {Testi}, L. and {Walsh}, A.~J.},
        title = "{The Link between Turbulence, Magnetic Fields, Filaments, and Star Formation in the Central Molecular Zone Cloud G0.253+0.016}",
      journal = {\apj},
     keywords = {galaxies: ISM, Galaxy: center, ISM: clouds, magnetic fields, stars: formation, turbulence, Astrophysics - Astrophysics of Galaxies, Astrophysics - Solar and Stellar Astrophysics},
         year = 2016,
        month = dec,
       volume = {832},
       number = {2},
          eid = {143},
        pages = {143},
          doi = {10.3847/0004-637X/832/2/143},
archivePrefix = {arXiv},
       eprint = {1609.05911},
 primaryClass = {astro-ph.GA},
       adsurl = {https://ui.adsabs.harvard.edu/abs/2016ApJ...832..143F},
      adsnote = {Provided by the SAO/NASA Astrophysics Data System}
}

@ARTICLE{Henshaw2016,
       author = {{Henshaw}, J.~D. and {Longmore}, S.~N. and {Kruijssen}, J.~M.~D.},
        title = "{Seeding the Galactic Centre gas stream: gravitational instabilities set the initial conditions for the formation of protocluster clouds}",
      journal = {\mnras},
     keywords = {stars: formation, ISM: clouds, ISM: kinematics and dynamics, ISM: structure, Galaxy: centre, Galaxy: kinematics and dynamics, Astrophysics - Astrophysics of Galaxies},
         year = 2016,
        month = nov,
       volume = {463},
       number = {1},
        pages = {L122-L126},
          doi = {10.1093/mnrasl/slw168},
archivePrefix = {arXiv},
       eprint = {1609.01721},
 primaryClass = {astro-ph.GA},
       adsurl = {https://ui.adsabs.harvard.edu/abs/2016MNRAS.463L.122H},
      adsnote = {Provided by the SAO/NASA Astrophysics Data System}
}

@ARTICLE{Marsh2016,
       author = {{Marsh}, K.~A. and {Ragan}, S.~E. and {Whitworth}, A.~P. and {Clark}, P.~C.},
        title = "{Evidence that widespread star formation may be underway in G0.253+0.016, `The Brick'}",
      journal = {\mnras},
     keywords = {techniques: high angular resolution, stars: formation, stars: protostars, ISM: clouds, Galaxy: centre, submillimetre: ISM, Astrophysics - Astrophysics of Galaxies},
         year = 2016,
        month = sep,
       volume = {461},
       number = {1},
        pages = {L16-L20},
          doi = {10.1093/mnrasl/slw080},
archivePrefix = {arXiv},
       eprint = {1604.07609},
 primaryClass = {astro-ph.GA},
       adsurl = {https://ui.adsabs.harvard.edu/abs/2016MNRAS.461L..16M},
      adsnote = {Provided by the SAO/NASA Astrophysics Data System}
}


@ARTICLE{Lu2015,
       author = {{Lu}, Xing and {Zhang}, Qizhou and {Kauffmann}, Jens and {Pillai}, Thushara and {Longmore}, Steven N. and {Kruijssen}, J.~M. Diederik and {Battersby}, Cara and {Gu}, Qiusheng},
        title = "{Deeply Embedded Protostellar Population in the 20 km s$^{-1}$ Cloud of the Central Molecular Zone}",
      journal = {\apjl},
     keywords = {Galaxy: center, ISM: clouds, stars: formation, Astrophysics - Astrophysics of Galaxies, Astrophysics - Solar and Stellar Astrophysics},
         year = 2015,
        month = dec,
       volume = {814},
       number = {2},
          eid = {L18},
        pages = {L18},
          doi = {10.1088/2041-8205/814/2/L18},
archivePrefix = {arXiv},
       eprint = {1510.04901},
 primaryClass = {astro-ph.GA},
       adsurl = {https://ui.adsabs.harvard.edu/abs/2015ApJ...814L..18L},
      adsnote = {Provided by the SAO/NASA Astrophysics Data System}
}




@ARTICLE{Pillai2015,
       author = {{Pillai}, T. and {Kauffmann}, J. and {Tan}, J.~C. and {Goldsmith}, P.~F. and {Carey}, S.~J. and {Menten}, K.~M.},
        title = "{Magnetic Fields in High-mass Infrared Dark Clouds}",
      journal = {\apj},
     keywords = {ISM: clouds, ISM: magnetic fields, polarization, stars: formation, Astrophysics - Astrophysics of Galaxies},
         year = 2015,
        month = jan,
       volume = {799},
       number = {1},
          eid = {74},
        pages = {74},
          doi = {10.1088/0004-637X/799/1/74},
archivePrefix = {arXiv},
       eprint = {1410.7390},
 primaryClass = {astro-ph.GA},
       adsurl = {https://ui.adsabs.harvard.edu/abs/2015ApJ...799...74P},
      adsnote = {Provided by the SAO/NASA Astrophysics Data System}
}


@ARTICLE{Bally2014,
       author = {{Bally}, John and {Rathborne}, J.~M. and {Longmore}, S.~N. and {Jackson}, J.~M. and {Alves}, J.~F. and {Bressert}, E. and {Contreras}, Y. and {Foster}, J.~B. and {Garay}, G. and {Ginsburg}, A. and {Johnston}, K.~G. and {Kruijssen}, J.~M.~D. and {Testi}, L. and {Walsh}, A.~J.},
        title = "{Absorption Filaments toward the Massive Clump G0.253+0.016}",
      journal = {\apj},
     keywords = {Galaxy: center, ISM: clouds, ISM: individual: G0.253+0.016, stars: formation, Astrophysics - Astrophysics of Galaxies},
         year = 2014,
        month = nov,
       volume = {795},
       number = {1},
          eid = {28},
        pages = {28},
          doi = {10.1088/0004-637X/795/1/28},
archivePrefix = {arXiv},
       eprint = {1409.3640},
 primaryClass = {astro-ph.GA},
       adsurl = {https://ui.adsabs.harvard.edu/abs/2014ApJ...795...28B},
      adsnote = {Provided by the SAO/NASA Astrophysics Data System}
}

@ARTICLE{Johnston2014,
       author = {{Johnston}, K.~G. and {Beuther}, H. and {Linz}, H. and {Schmiedeke}, A. and {Ragan}, S.~E. and {Henning}, Th.},
        title = "{The dynamics and star-forming potential of the massive Galactic centre cloud G0.253+0.016}",
      journal = {\aap},
     keywords = {stars: formation, ISM: clouds, dust, extinction, ISM: kinematics and dynamics, ISM: structure, Galaxy: center, Astrophysics - Astrophysics of Galaxies},
         year = 2014,
        month = aug,
       volume = {568},
          eid = {A56},
        pages = {A56},
          doi = {10.1051/0004-6361/201423943},
archivePrefix = {arXiv},
       eprint = {1404.1372},
 primaryClass = {astro-ph.GA},
       adsurl = {https://ui.adsabs.harvard.edu/abs/2014A&A...568A..56J},
      adsnote = {Provided by the SAO/NASA Astrophysics Data System}
}

@ARTICLE{Higuchi2014,
       author = {{Higuchi}, Aya E. and {Chibueze}, James O. and {Habe}, Asao and {Takahira}, Ken and {Takano}, Shuro},
        title = "{ALMA View of G0.253+0.016: Can Cloud-Cloud Collision form the Cloud?}",
      journal = {\aj},
     keywords = {ISM: kinematics and dynamics, ISM: molecules, ISM: structure, Astrophysics - Astrophysics of Galaxies},
         year = 2014,
        month = jun,
       volume = {147},
       number = {6},
          eid = {141},
        pages = {141},
          doi = {10.1088/0004-6256/147/6/141},
archivePrefix = {arXiv},
       eprint = {1403.4734},
 primaryClass = {astro-ph.GA},
       adsurl = {https://ui.adsabs.harvard.edu/abs/2014AJ....147..141H},
      adsnote = {Provided by the SAO/NASA Astrophysics Data System}
}




@ARTICLE{Rodriguez2013,
       author = {{Rodr{\'\i}guez}, Luis F. and {Zapata}, Luis A.},
        title = "{Star Formation in the Massive ``Starless'' Infrared Dark Cloud G0.253+0.016}",
      journal = {\apjl},
     keywords = {ISM: individual objects: G0.253+0.016, ISM: jets and outflows, radio continuum: stars, stars: pre-main sequence, Astrophysics - Solar and Stellar Astrophysics, Astrophysics - Astrophysics of Galaxies},
         year = 2013,
        month = apr,
       volume = {767},
       number = {1},
          eid = {L13},
        pages = {L13},
          doi = {10.1088/2041-8205/767/1/L13},
archivePrefix = {arXiv},
       eprint = {1303.2755},
 primaryClass = {astro-ph.SR},
       adsurl = {https://ui.adsabs.harvard.edu/abs/2013ApJ...767L..13R},
      adsnote = {Provided by the SAO/NASA Astrophysics Data System}
}





@ARTICLE{Longmore2012,
       author = {{Longmore}, Steven N. and {Rathborne}, Jill and {Bastian}, Nate and {Alves}, Joao and {Ascenso}, Joana and {Bally}, John and {Testi}, Leonardo and {Longmore}, Andy and {Battersby}, Cara and {Bressert}, Eli and {Purcell}, Cormac and {Walsh}, Andrew and {Jackson}, James and {Foster}, Jonathan and {Molinari}, Sergio and {Meingast}, Stefan and {Amorim}, A. and {Lima}, J. and {Marques}, R. and {Moitinho}, A. and {Pinhao}, J. and {Rebordao}, J. and {Santos}, F.~D.},
        title = "{G0.253 + 0.016: A Molecular Cloud Progenitor of an Arches-like Cluster}",
      journal = {\apj},
     keywords = {evolution, Galaxy: center, open clusters and associations: general, stars: formation, stars: massive, stars: protostars, Astrophysics - Astrophysics of Galaxies, Astrophysics - Cosmology and Nongalactic Astrophysics},
         year = 2012,
        month = feb,
       volume = {746},
       number = {2},
          eid = {117},
        pages = {117},
          doi = {10.1088/0004-637X/746/2/117},
archivePrefix = {arXiv},
       eprint = {1111.3199},
 primaryClass = {astro-ph.GA},
       adsurl = {https://ui.adsabs.harvard.edu/abs/2012ApJ...746..117L},
      adsnote = {Provided by the SAO/NASA Astrophysics Data System}
}


@ARTICLE{Ao2013,
       author = {{Ao}, Y. and {Henkel}, C. and {Menten}, K.~M. and {Requena-Torres}, M.~A. and {Stanke}, T. and {Mauersberger}, R. and {Aalto}, S. and {M{\"u}hle}, S. and {Mangum}, J.},
        title = "{The thermal state of molecular clouds in the Galactic center: evidence for non-photon-driven heating}",
      journal = {\aap},
     keywords = {Galaxy: center, ISM: clouds, ISM: molecules, radio lines: ISM, Astrophysics - Astrophysics of Galaxies},
         year = 2013,
        month = feb,
       volume = {550},
          eid = {A135},
        pages = {A135},
          doi = {10.1051/0004-6361/201220096},
archivePrefix = {arXiv},
       eprint = {1211.7142},
 primaryClass = {astro-ph.GA},
       adsurl = {https://ui.adsabs.harvard.edu/abs/2013A&A...550A.135A},
      adsnote = {Provided by the SAO/NASA Astrophysics Data System}
}


@INPROCEEDINGS{Brasseur2020,
       author = {{Brasseur}, C.~E. and {Rogers}, Tony and {Donaldson}, Tom and {Tollerud}, Erik and {Smith}, Arfon and {Phillip}, Carlita},
        title = "{The MAST API: Accessing Space Telescope Data Programmatically}",
    booktitle = {Astronomical Data Analysis Software and Systems XXVII},
         year = 2020,
       editor = {{Ballester}, Pascal and {Ibsen}, Jorge and {Solar}, Mauricio and {Shortridge}, Keith},
       series = {Astronomical Society of the Pacific Conference Series},
       volume = {522},
        month = apr,
        pages = {97},
       adsurl = {https://ui.adsabs.harvard.edu/abs/2020ASPC..522...97B},
      adsnote = {Provided by the SAO/NASA Astrophysics Data System}
}


@ARTICLE{Ginsburg2019,
       author = {{Ginsburg}, Adam and {Sip{\H{o}}cz}, Brigitta M. and {Brasseur}, C.~E. and {Cowperthwaite}, Philip S. and {Craig}, Matthew W. and {Deil}, Christoph and {Guillochon}, James and {Guzman}, Giannina and {Liedtke}, Simon and {Lian Lim}, Pey and {Lockhart}, Kelly E. and {Mommert}, Michael and {Morris}, Brett M. and {Norman}, Henrik and {Parikh}, Madhura and {Persson}, Magnus V. and {Robitaille}, Thomas P. and {Segovia}, Juan-Carlos and {Singer}, Leo P. and {Tollerud}, Erik J. and {de Val-Borro}, Miguel and {Valtchanov}, Ivan and {Woillez}, Julien and {Astroquery Collaboration} and {a subset of astropy Collaboration}},
        title = "{astroquery: An Astronomical Web-querying Package in Python}",
      journal = {\aj},
     keywords = {astronomical databases: miscellaneous, virtual observatory tools, Astrophysics - Instrumentation and Methods for Astrophysics},
         year = 2019,
        month = mar,
       volume = {157},
       number = {3},
          eid = {98},
        pages = {98},
          doi = {10.3847/1538-3881/aafc33},
archivePrefix = {arXiv},
       eprint = {1901.04520},
 primaryClass = {astro-ph.IM},
       adsurl = {https://ui.adsabs.harvard.edu/abs/2019AJ....157...98G},
      adsnote = {Provided by the SAO/NASA Astrophysics Data System}
}


@ARTICLE{Hummer1987,
       author = {{Hummer}, D.~G. and {Storey}, P.~J.},
        title = "{Recombination-line intensities for hydrogenic ions - I. Case B calculations for H I and He II.}",
      journal = {\mnras},
     keywords = {Helium, Hydrogen Ions, Infrared Spectroscopy, Ion Recombination, Line Spectra, Stellar Spectra, Collision Rates, Density Distribution, Electron Distribution, Ion Temperature, Ionic Collisions, Quantum Numbers, Astrophysics},
         year = 1987,
        month = feb,
       volume = {224},
        pages = {801-820},
          doi = {10.1093/mnras/224.3.801},
       adsurl = {https://ui.adsabs.harvard.edu/abs/1987MNRAS.224..801H},
      adsnote = {Provided by the SAO/NASA Astrophysics Data System}
}


@ARTICLE{Storey1995,
       author = {{Storey}, P.~J. and {Hummer}, D.~G.},
        title = "{Recombination line intensities for hydrogenic ions-IV. Total recombination coefficients and machine-readable tables for Z=1 to 8}",
      journal = {\mnras},
     keywords = {ATOMIC DATA-ATOMIC PROCESSES-LINE, FORMATION-ASTRONOMICAL DATA BASES, MISCELLANEOUS.},
         year = 1995,
        month = jan,
       volume = {272},
       number = {1},
        pages = {41-48},
          doi = {10.1093/mnras/272.1.41},
       adsurl = {https://ui.adsabs.harvard.edu/abs/1995MNRAS.272...41S},
      adsnote = {Provided by the SAO/NASA Astrophysics Data System}
}


@ARTICLE{Husser2013,
       author = {{Husser}, T. -O. and {Wende-von Berg}, S. and {Dreizler}, S. and {Homeier}, D. and {Reiners}, A. and {Barman}, T. and {Hauschildt}, P.~H.},
        title = "{A new extensive library of PHOENIX stellar atmospheres and synthetic spectra}",
      journal = {\aap},
     keywords = {stars: atmospheres, convection, stars: late-type, Astrophysics - Solar and Stellar Astrophysics},
         year = 2013,
        month = may,
       volume = {553},
          eid = {A6},
        pages = {A6},
          doi = {10.1051/0004-6361/201219058},
archivePrefix = {arXiv},
       eprint = {1303.5632},
 primaryClass = {astro-ph.SR},
       adsurl = {https://ui.adsabs.harvard.edu/abs/2013A&A...553A...6H},
      adsnote = {Provided by the SAO/NASA Astrophysics Data System}
}


@ARTICLE{Rocha2016,
       author = {{Rocha}, W.~R.~M. and {Pilling}, S. and {de Barros}, A.~L.~F. and {Andrade}, D.~P.~P. and {Rothard}, H. and {Boduch}, P.},
        title = "{Infrared complex refractive index of astrophysical ices exposed to cosmic rays simulated in the laboratory}",
      journal = {arXiv e-prints},
     keywords = {Astrophysics - Instrumentation and Methods for Astrophysics, Astrophysics - Astrophysics of Galaxies, Astrophysics - Solar and Stellar Astrophysics},
         year = 2016,
        month = sep,
          eid = {arXiv:1609.04684},
        pages = {arXiv:1609.04684},
          doi = {10.48550/arXiv.1609.04684},
archivePrefix = {arXiv},
       eprint = {1609.04684},
 primaryClass = {astro-ph.IM},
       adsurl = {https://ui.adsabs.harvard.edu/abs/2016arXiv160904684R},
      adsnote = {Provided by the SAO/NASA Astrophysics Data System}
}


@ARTICLE{Churchwell2009,
       author = {{Churchwell}, Ed and {Babler}, Brian L. and {Meade}, Marilyn R. and {Whitney}, Barbara A. and {Benjamin}, Robert and {Indebetouw}, Remy and {Cyganowski}, Claudia and {Robitaille}, Thomas P. and {Povich}, Matthew and {Watson}, Christer and {Bracker}, Steve},
        title = "{The Spitzer/GLIMPSE Surveys: A New View of the Milky Way}",
      journal = {\pasp},
         year = 2009,
        month = mar,
       volume = {121},
       number = {877},
        pages = {213},
          doi = {10.1086/597811},
       adsurl = {https://ui.adsabs.harvard.edu/abs/2009PASP..121..213C},
      adsnote = {Provided by the SAO/NASA Astrophysics Data System}
}


@ARTICLE{Moultaka2019,
       author = {{Moultaka}, J. and {Eckart}, A. and {Tikare}, K. and {Bajat}, A.},
        title = "{High-spectral resolution M-band observations of CO Rot-Vib absorption lines towards the Galactic center}",
      journal = {\aap},
     keywords = {Galaxy: center, galaxies: nuclei, infrared: ISM, Astrophysics - Astrophysics of Galaxies},
         year = 2019,
        month = jun,
       volume = {626},
          eid = {A44},
        pages = {A44},
          doi = {10.1051/0004-6361/201935102},
archivePrefix = {arXiv},
       eprint = {1905.03734},
 primaryClass = {astro-ph.GA},
       adsurl = {https://ui.adsabs.harvard.edu/abs/2019A&A...626A..44M},
      adsnote = {Provided by the SAO/NASA Astrophysics Data System}
}

@ARTICLE{Moultaka2015a,
       author = {{Moultaka}, J. and {Eckart}, A. and {Mu{\v{z}}i{\'c}}, K.},
        title = "{``Ice Cubes'' in the Center of the Milky Way: Water-ice and Hydrocarbons in the Central Parsec}",
      journal = {\apj},
     keywords = {galaxies: nuclei, Galaxy: center, infrared: ISM, Astrophysics - Astrophysics of Galaxies},
         year = 2015,
        month = jun,
       volume = {806},
       number = {2},
          eid = {202},
        pages = {202},
          doi = {10.1088/0004-637X/806/2/202},
archivePrefix = {arXiv},
       eprint = {1506.01918},
 primaryClass = {astro-ph.GA},
       adsurl = {https://ui.adsabs.harvard.edu/abs/2015ApJ...806..202M},
      adsnote = {Provided by the SAO/NASA Astrophysics Data System}
}

@ARTICLE{Moultaka2015b,
       author = {{Moultaka}, J. and {Eckart}, A. and {Sabha}, N.},
        title = "{Ices in the Galactic Centre: solid ice and gaseous CO in the central parsec$^{★}$}",
      journal = {\mnras},
     keywords = {Galaxy: centre, galaxies: nuclei, infrared: ISM, Astrophysics - Astrophysics of Galaxies},
         year = 2015,
        month = apr,
       volume = {448},
       number = {4},
        pages = {3363-3373},
          doi = {10.1093/mnras/stv222},
archivePrefix = {arXiv},
       eprint = {1504.06162},
 primaryClass = {astro-ph.GA},
       adsurl = {https://ui.adsabs.harvard.edu/abs/2015MNRAS.448.3363M},
      adsnote = {Provided by the SAO/NASA Astrophysics Data System}
}

@ARTICLE{Moultaka2009,
       author = {{Moultaka}, J. and {Eckart}, A. and {Sch{\"o}del}, R.},
        title = "{M-band Spectra of Dust-embedded Sources at the Galactic Center}",
      journal = {\apj},
     keywords = {dust, extinction, galaxies: nuclei, Galaxy: center, infrared: ISM, Astrophysics - Galaxy Astrophysics},
         year = 2009,
        month = oct,
       volume = {703},
       number = {2},
        pages = {1635-1647},
          doi = {10.1088/0004-637X/703/2/1635},
archivePrefix = {arXiv},
       eprint = {0906.5507},
 primaryClass = {astro-ph.GA},
       adsurl = {https://ui.adsabs.harvard.edu/abs/2009ApJ...703.1635M},
      adsnote = {Provided by the SAO/NASA Astrophysics Data System}
}


@ARTICLE{Giannetti2017,
       author = {{Giannetti}, A. and {Leurini}, S. and {K{\"o}nig}, C. and {Urquhart}, J.~S. and {Pillai}, T. and {Brand}, J. and {Kauffmann}, J. and {Wyrowski}, F. and {Menten}, K.~M.},
        title = "{Galactocentric variation of the gas-to-dust ratio and its relation with metallicity}",
      journal = {\aap},
     keywords = {dust, extinction, ISM: clouds, Galaxy: disk, galaxies: ISM, submillimeter: ISM, stars: formation, Astrophysics - Astrophysics of Galaxies},
         year = 2017,
        month = oct,
       volume = {606},
          eid = {L12},
        pages = {L12},
          doi = {10.1051/0004-6361/201731728},
archivePrefix = {arXiv},
       eprint = {1710.05721},
 primaryClass = {astro-ph.GA},
       adsurl = {https://ui.adsabs.harvard.edu/abs/2017A&A...606L..12G},
      adsnote = {Provided by the SAO/NASA Astrophysics Data System}
}


@ARTICLE{Hocuk2014,
       author = {{Hocuk}, S. and {Cazaux}, S. and {Spaans}, M.},
        title = "{The impact of freeze-out on collapsing molecular clouds}",
      journal = {\mnras},
     keywords = {hydrodynamics, stars: formation, ISM: abundances, dust, extinction, Astrophysics - Solar and Stellar Astrophysics, Astrophysics - Astrophysics of Galaxies},
         year = 2014,
        month = feb,
       volume = {438},
       number = {1},
        pages = {L56-L60},
          doi = {10.1093/mnrasl/slt158},
archivePrefix = {arXiv},
       eprint = {1310.8466},
 primaryClass = {astro-ph.SR},
       adsurl = {https://ui.adsabs.harvard.edu/abs/2014MNRAS.438L..56H},
      adsnote = {Provided by the SAO/NASA Astrophysics Data System}
}


@ARTICLE{Garrod2006,
       author = {{Garrod}, R.~T. and {Herbst}, E.},
        title = "{Formation of methyl formate and other organic species in the warm-up phase of hot molecular cores}",
      journal = {\aap},
     keywords = {astrochemistry, stars: formation, ISM: abundances, ISM: clouds, ISM: molecules, Astrophysics},
         year = 2006,
        month = oct,
       volume = {457},
       number = {3},
        pages = {927-936},
          doi = {10.1051/0004-6361:20065560},
archivePrefix = {arXiv},
       eprint = {astro-ph/0607560},
 primaryClass = {astro-ph},
       adsurl = {https://ui.adsabs.harvard.edu/abs/2006A&A...457..927G},
      adsnote = {Provided by the SAO/NASA Astrophysics Data System}
}


@ARTICLE{Eden2020,
       author = {{Eden}, D.~J. and {Moore}, T.~J.~T. and {Currie}, M.~J. and {Rigby}, A.~J. and {Rosolowsky}, E. and {Su}, Y. and {Kim}, Kee-Tae and {Parsons}, H. and {Morata}, O. and {Chen}, H. -R. and {Minamidani}, T. and {Park}, Geumsook and {Ragan}, S.~E. and {Urquhart}, J.~S. and {Rani}, R. and {Tahani}, K. and {Billington}, S.~J. and {Deb}, S. and {Figura}, C. and {Fujiyoshi}, T. and {Joncas}, G. and {Liao}, L.~W. and {Liu}, T. and {Ma}, H. and {Tuan-Anh}, P. and {Yun}, Hyeong-Sik and {Zhang}, S. and {Zhu}, M. and {Henshaw}, J.~D. and {Longmore}, S.~N. and {Kobayashi}, M.~I.~N. and {Thompson}, M.~A. and {Ao}, Y. and {Campbell-White}, J. and {Ching}, T. -C. and {Chung}, E.~J. and {Duarte-Cabral}, A. and {Fich}, M. and {Gao}, Y. and {Graves}, S.~F. and {Jiang}, X. -J. and {Kemper}, F. and {Kuan}, Y. -J. and {Kwon}, W. and {Lee}, C.~W. and {Lee}, J. -E. and {Liu}, M. and {Pe{\~n}aloza}, C.~H. and {Peretto}, N. and {Phuong}, N.~T. and {Pineda}, J.~E. and {Plume}, R. and {Puspitaningrum}, E. and {Samal}, M.~R. and {Soam}, A. and {Sun}, Y. and {Tang}, X.~D. and {Traficante}, A. and {White}, G.~J. and {Yan}, C. -H. and {Yang}, A.~Y. and {Yuan}, J. and {Yue}, N. and {Bemis}, A. and {Brunt}, C.~M. and {Chen}, Z. and {Cho}, J. and {Clark}, P.~C. and {Cyganowski}, C.~J. and {Friberg}, P. and {Fuller}, G.~A. and {Han}, I. and {Hoare}, M.~G. and {Izumi}, N. and {Kim}, H. -J. and {Kim}, J. and {Kim}, S. and {Koch}, E.~W. and {Kuno}, N. and {Lacialle}, K.~M. and {Lai}, S. -P. and {Lee}, H. and {Lee}, Y. -H. and {Li}, D.~L. and {Liu}, S. -Y. and {Mairs}, S. and {Pan}, Z. and {Qian}, L. and {Scicluna}, P. and {Shi}, C. -S. and {Shi}, H. and {Srinivasan}, S. and {Tan}, Q. -H. and {Thomas}, H.~S. and {Torii}, K. and {Trejo}, A. and {Umemoto}, T. and {Violino}, G. and {Wallstr{\"o}m}, S. and {Wang}, B. and {Wu}, Y. and {Yuan}, L. and {Zhang}, C. and {Zhang}, M. and {Zhou}, C. and {Zhou}, J.~J.},
        title = "{CHIMPS2: survey description and $^{12}$CO emission in the Galactic Centre}",
      journal = {\mnras},
     keywords = {molecular data, surveys, stars: formation, ISM: molecules, Galaxy: centre, Astrophysics - Astrophysics of Galaxies, Astrophysics - Solar and Stellar Astrophysics},
         year = 2020,
        month = nov,
       volume = {498},
       number = {4},
        pages = {5936-5951},
          doi = {10.1093/mnras/staa2734},
archivePrefix = {arXiv},
       eprint = {2009.05073},
 primaryClass = {astro-ph.GA},
       adsurl = {https://ui.adsabs.harvard.edu/abs/2020MNRAS.498.5936E},
      adsnote = {Provided by the SAO/NASA Astrophysics Data System}
}


@ARTICLE{Mills2018,
       author = {{Mills}, E.~A.~C. and {Ginsburg}, A. and {Immer}, K. and {Barnes}, J.~M. and {Wiesenfeld}, L. and {Faure}, A. and {Morris}, M.~R. and {Requena-Torres}, M.~A.},
        title = "{The Dense Gas Fraction in Galactic Center Clouds}",
      journal = {\apj},
     keywords = {Galaxy: center, ISM: abundances, ISM: clouds, ISM: molecules, radio lines: ISM, Astrophysics - Astrophysics of Galaxies},
         year = 2018,
        month = nov,
       volume = {868},
       number = {1},
          eid = {7},
        pages = {7},
          doi = {10.3847/1538-4357/aae581},
archivePrefix = {arXiv},
       eprint = {1810.00266},
 primaryClass = {astro-ph.GA},
       adsurl = {https://ui.adsabs.harvard.edu/abs/2018ApJ...868....7M},
      adsnote = {Provided by the SAO/NASA Astrophysics Data System}
}


@ARTICLE{Mills2015,
       author = {{Mills}, E.~A.~C. and {Butterfield}, N. and {Ludovici}, D.~A. and {Lang}, C.~C. and {Ott}, J. and {Morris}, M.~R. and {Schmitz}, S.},
        title = "{Abundant CH$_{3}$OH Masers but no New Evidence for Star Formation in GCM0.253+0.016}",
      journal = {\apj},
     keywords = {Galaxy: center, Astrophysics - Astrophysics of Galaxies},
         year = 2015,
        month = may,
       volume = {805},
       number = {1},
          eid = {72},
        pages = {72},
          doi = {10.1088/0004-637X/805/1/72},
archivePrefix = {arXiv},
       eprint = {1503.08137},
 primaryClass = {astro-ph.GA},
       adsurl = {https://ui.adsabs.harvard.edu/abs/2015ApJ...805...72M},
      adsnote = {Provided by the SAO/NASA Astrophysics Data System}
}



@ARTICLE{Launhardt2002,
       author = {{Launhardt}, R. and {Zylka}, R. and {Mezger}, P.~G.},
        title = "{The nuclear bulge of the Galaxy. III. Large-scale physical characteristics of stars and interstellar matter}",
      journal = {\aap},
     keywords = {DUST, EXTINCTION, ISM: STRUCTURE, GALAXY: CENTRE, GALAXY: STRUCTURE, INFRARED: ISM, Astrophysics},
         year = 2002,
        month = mar,
       volume = {384},
        pages = {112-139},
          doi = {10.1051/0004-6361:20020017},
archivePrefix = {arXiv},
       eprint = {astro-ph/0201294},
 primaryClass = {astro-ph},
       adsurl = {https://ui.adsabs.harvard.edu/abs/2002A&A...384..112L},
      adsnote = {Provided by the SAO/NASA Astrophysics Data System}
}

@ARTICLE{Gordon2023,
       author = {{Gordon}, Karl D. and {Clayton}, Geoffrey C. and {Decleir}, Marjorie and {Fitzpatrick}, E.~L. and {Massa}, Derck and {Misselt}, Karl A. and {Tollerud}, Erik J.},
        title = "{One Relation for All Wavelengths: The Far-ultraviolet to Mid-infrared Milky Way Spectroscopic R(V)-dependent Dust Extinction Relationship}",
      journal = {\apj},
     keywords = {Interstellar dust, Interstellar extinction, Interstellar dust extinction, Interstellar reddening, Reddened stars, Interstellar medium, Reddening law, Milky Way Galaxy, Ultraviolet extinction, Spectroscopy, 836, 841, 837, 853, 1376, 847, 1377, 1054, 1738, 1558, Astrophysics - Astrophysics of Galaxies},
         year = 2023,
        month = jun,
       volume = {950},
       number = {2},
          eid = {86},
        pages = {86},
          doi = {10.3847/1538-4357/accb59},
archivePrefix = {arXiv},
       eprint = {2304.01991},
 primaryClass = {astro-ph.GA},
       adsurl = {https://ui.adsabs.harvard.edu/abs/2023ApJ...950...86G},
      adsnote = {Provided by the SAO/NASA Astrophysics Data System}
}



@ARTICLE{Gordon2021,
       author = {{Gordon}, Karl D. and {Misselt}, Karl A. and {Bouwman}, Jeroen and {Clayton}, Geoffrey C. and {Decleir}, Marjorie and {Hines}, Dean C. and {Pendleton}, Yvonne and {Rieke}, George and {Smith}, J.~D.~T. and {Whittet}, D.~C.~B.},
        title = "{Milky Way Mid-Infrared Spitzer Spectroscopic Extinction Curves: Continuum and Silicate Features}",
      journal = {\apj},
     keywords = {Interstellar dust, Interstellar dust extinction, Silicate grains, Ultraviolet extinction, 836, 837, 1456, 1738, Astrophysics - Astrophysics of Galaxies},
         year = 2021,
        month = jul,
       volume = {916},
       number = {1},
          eid = {33},
        pages = {33},
          doi = {10.3847/1538-4357/ac00b7},
archivePrefix = {arXiv},
       eprint = {2105.05087},
 primaryClass = {astro-ph.GA},
       adsurl = {https://ui.adsabs.harvard.edu/abs/2021ApJ...916...33G},
      adsnote = {Provided by the SAO/NASA Astrophysics Data System}
}


@INPROCEEDINGS{Lutz1999,
       author = {{Lutz}, D.},
        title = "{ISO observations of the Galactic Centre}",
     keywords = {GALAXY: CENTER, GALAXIES: STARBURST, PAH FEATURES, EXTINCTION},
    booktitle = {The Universe as Seen by ISO},
         year = 1999,
       editor = {{Cox}, P. and {Kessler}, Martin},
       series = {ESA Special Publication},
       volume = {427},
        month = mar,
        pages = {623},
       adsurl = {https://ui.adsabs.harvard.edu/abs/1999ESASP.427..623L},
      adsnote = {Provided by the SAO/NASA Astrophysics Data System}
}


@ARTICLE{Henkel1985,
       author = {{Henkel}, C. and {Guesten}, R. and {Gardner}, F.~F.},
        title = "{[$^{12}$C]/[$^{13}$C] ratios from formaldehyde in the inner galactic disk}",
      journal = {\aap},
     keywords = {Carbon 12, Carbon 13, Forbidden Bands, Formaldehyde, Galactic Nuclei, Milky Way Galaxy, Astronomical Models, Astronomical Spectroscopy, Galactic Evolution, Radiative Transfer, Ratios, Astrophysics},
         year = 1985,
        month = feb,
       volume = {143},
        pages = {148-152},
       adsurl = {https://ui.adsabs.harvard.edu/abs/1985A&A...143..148H},
      adsnote = {Provided by the SAO/NASA Astrophysics Data System}
}


@software{bushouse_howard_2023_8099867,
  author       = {Bushouse, Howard and
                  Eisenhamer, Jonathan and
                  Dencheva, Nadia and
                  Davies, James and
                  Greenfield, Perry and
                  Morrison, Jane and
                  Hodge, Phil and
                  Simon, Bernie and
                  Grumm, David and
                  Droettboom, Michael and
                  Slavich, Edward and
                  Sosey, Megan and
                  Pauly, Tyler and
                  Miller, Todd and
                  Jedrzejewski, Robert and
                  Hack, Warren and
                  Davis, David and
                  Crawford, Steven and
                  Law, David and
                  Gordon, Karl and
                  Regan, Michael and
                  Cara, Mihai and
                  MacDonald, Ken and
                  Bradley, Larry and
                  Shanahan, Clare and
                  Jamieson, William and
                  Teodoro, Mairan and
                  Williams, Thomas},
  title        = {JWST Calibration Pipeline},
  month        = jun,
  year         = 2023,
  note         = {{If you use this software in your work, please cite 
                   it using the following metadata.}},
  publisher    = {Zenodo},
  version      = {1.11.1},
  doi          = {10.5281/zenodo.8099867},
  url          = {https://doi.org/10.5281/zenodo.8099867}
}
@MISC{Perrin2015,
       author = {{Perrin}, Marshall D. and {Long}, Joseph and {Sivaramakrishnan}, Anand and {Lajoie}, Charles-Phillipe and {Elliot}, Erin and {Pueyo}, Laurent and {Albert}, Loic},
        title = "{WebbPSF: James Webb Space Telescope PSF Simulation Tool}",
     keywords = {Software},
 howpublished = {Astrophysics Source Code Library, record ascl:1504.007},
         year = 2015,
        month = apr,
          eid = {ascl:1504.007},
        pages = {ascl:1504.007},
archivePrefix = {ascl},
       eprint = {1504.007},
       adsurl = {https://ui.adsabs.harvard.edu/abs/2015ascl.soft04007P},
      adsnote = {Provided by the SAO/NASA Astrophysics Data System}
}


@ARTICLE{Gunay2022,
       author = {{G{\"u}nay}, B. and {Burton}, M.~G. and {Af{\c{s}}ar}, M. and {Schmidt}, T.~W.},
        title = "{Mapping the aliphatic hydrocarbon content of interstellar dust in the Galactic plane}",
      journal = {\mnras},
     keywords = {astrochemistry, methods: observational, techniques: photometric, ISM: abundances, dust extinction, infrared: ISM, Astrophysics - Astrophysics of Galaxies, Astrophysics - Instrumentation and Methods for Astrophysics},
         year = 2022,
        month = sep,
       volume = {515},
       number = {3},
        pages = {4201-4216},
          doi = {10.1093/mnras/stac1482},
archivePrefix = {arXiv},
       eprint = {2208.01058},
 primaryClass = {astro-ph.GA},
       adsurl = {https://ui.adsabs.harvard.edu/abs/2022MNRAS.515.4201G},
      adsnote = {Provided by the SAO/NASA Astrophysics Data System}
}

@ARTICLE{Gunay2020,
       author = {{G{\"u}nay}, B. and {Burton}, M.~G. and {Af{\c{s}}ar}, M. and {Schmidt}, T.~W.},
        title = "{A method for mapping the aliphatic hydrocarbon content of interstellar dust towards the Galactic Centre}",
      journal = {\mnras},
     keywords = {methods: observational, techniques: photometric, infrared: ISM, ISM: dust, extinction, ISM: abundances, astrochemistry, Astrophysics - Astrophysics of Galaxies, Astrophysics - Instrumentation and Methods for Astrophysics},
         year = 2020,
        month = mar,
       volume = {493},
       number = {1},
        pages = {1109-1119},
          doi = {10.1093/mnras/staa288},
archivePrefix = {arXiv},
       eprint = {2002.04610},
 primaryClass = {astro-ph.GA},
       adsurl = {https://ui.adsabs.harvard.edu/abs/2020MNRAS.493.1109G},
      adsnote = {Provided by the SAO/NASA Astrophysics Data System}
}

